2709 4659
164 291 258 375 rur¹
451 262 454 272 ’
559 270 813 365 ,Praefatia
917 283 932 348 ζ

37 512 40 521 .
162 440 250 541 aei,
282 460 322 521 ut
343 438 477 521 hollam
500 458 741 543 tyrannumve
763 462 911 525 metuat.
970 450 1047 526 lmo
1071 452 1097 526 si
1121 454 1204 555 quis
1225 451 1280 526 li-

162 562 398 657 tarataram,
424 578 466 638 ut
489 562 721 641 inhumanis
734 564 863 659 rebus,
895 566 942 642 sio
959 568 999 642 io
1023 568 1157 652 divinis
1181 596 1281 670 quo-

163 708 235 785 qne
252 682 437 756 rationem
459 678 643 781 saluatur,
671 680 814 757 curabit
832 680 934 778 sene,
961 701 1002 760 ut
1022 701 1068 759 ne
1089 686 1278 762 miraculis

80 798 147 905 (a
162 798 400 894 mysteriisve,
425 796 488 873 sed
514 798 729 897 certioribus
753 796 997 875 fundamentis
1020 799 1082 878 sua
1103 802 1190 877 fides
1215 828 1278 877 re·

163 912 287 1017 ligiosa
313 917 354 990 fit
386 914 630 1022 superstrocta.
707 916 863 990 Tametsi
896 932 1034 1013 autem,
1080 921 1148 1020 qui
1177 916 1277 994 hanc

118 1042 127 1146 j
163 1041 261 1111 viam
289 1036 430 1130 insiliit,
468 1036 639 1111 facillime
671 1038 711 1108 in
735 1060 814 1108 eam
836 1033 1098 1137 dubitationem
1123 1036 1277 1112 adduci»

162 1171 241 1251 tur,
281 1168 322 1229 ut
358 1152 611 1227 revelationem
643 1150 806 1225 divinam
829 1152 949 1245 illam,
991 1178 1101 1254 quam
1125 1154 1275 1246 iactant,

120 1326 124 1334 .
154 1270 471 1369 supernaturalem
495 1282 532 1345 et
557 1272 806 1341 immediatam
828 1266 1020 1343 necessario
1045 1269 1178 1343 factam
1203 1265 1276 1343 elle

23 1438 26 1443 ·
126 1418 128 1451 2
162 1406 267 1492 neget
298 1391 554 1492 potiusquam
582 1404 716 1463 temere
741 1386 881 1480 credat3
920 1390 1058 1465 tametsi
1081 1386 1276 1463 hominum

162 1508 296 1584 detali
318 1492 533 1582 revelatione
556 1506 814 1608 persuasionem
838 1534 888 1581 ex
908 1505 987 1608 'ipsa
1012 1508 1126 1583 animi
1143 1523 1274 1583 natura

128 1600 135 1680 ‘3
161 1624 326 1701 derivare
358 1624 667 1722 omnemqueDei
695 1613 894 1697 efficaciam
926 1623 974 1696 ad
995 1620 1160 1700 homines
1184 1624 1275 1701 edo-

109 1769 111 1783 *
161 1738 296 1817 cendos'
317 1738 547 1841 beandoaqae
572 1738 619 1812 ad
642 1740 896 1815 revelationem
912 1748 1113 1815 naturalem
1134 1768 1178 1819 ao
1196 1772 1274 1817 me·

125 1886 133 1941 .'
161 1862 303 1933 dictam
327 1880 498 1930 revocare
522 1852 654 1930 studet:
689 1856 767 1929 eius
791 1871 912 1930 tamen
940 1874 1130 1960 propterea
1153 1886 1273 1962 neque

125 1970 129 1987 '
158 1980 294 2072 virute,
319 2002 436 2076 neque
461 1974 576 2069 animi
592 1974 852 2075 'tranquillima
877 2002 997 2076 neque
1020 1978 1130 2051 etiam
1151 1979 1273 2081 pietas

128 2120 244 2198 terga
274 2086 393 2170 Deum
413 2092 500 2167 'ullo
534 2086 642 2168 modo
675 2092 918 2193 periclitatum
958 2091 1127 2195 idemque
1158 2093 1275 2171 officii

128 2198 133 2225 ³
160 2210 263 2288 causa
287 2208 383 2285 hano
405 2207 520 2310 ipsam
538 2206 799 2311 persuasionem
823 2235 897 2283 non
921 2210 1042 2285 minue
1063 2211 1167 2287 firme
1183 2237 1272 2313 gra-

116 2372 120 2426 ,
158 2334 343 2432 viterque,
368 2355 478 2431 quam
502 2329 569 2430 qui
593 2328 810 2403 contrariam
833 2328 1040 2430 opinionem
1060 2326 1177 2425 fovet,
1202 2328 1272 2405 fibi

99 2429 118 2502 Ἰ
157 2450 348 2527 tenendam
376 2447 544 2549 putabit,
586 2472 648 2542 ao,
685 2444 757 2521 fide
789 2446 926 2548 quippe
953 2445 1018 2521 sue
1048 2445 1093 2521 atl
1118 2449 1271 2549 quaevis

110 2652 114 2667 ⁸
157 2583 254 2645 recte
275 2565 489 2667 honesteque
510 2564 604 2640 sacta
636 2564 795 2658 (ἱιιοϊιιε,Ι
825 2591 870 2637 ne
892 2563 1003 2665 ipsius
1034 2562 1184 2664 quidem
1207 2562 1271 2638 su-

112 2668 119 2783 )
157 2684 275 2787 premi
303 2682 433 2756 iudicis
465 2678 674 2755 sententiam
709 2676 938 2781 expavescet,
981 2678 1043 2780 spe
1066 2703 1111 2754 oc
1133 2678 1269 2755 fiducia

111 2786 127 2817 ⁸
157 2786 353 2873 fimaissime
378 2794 527 2897 reposita
553 2796 593 2869 in
617 2796 714 2887 Deo,
740 2794 858 2868 omnis
881 2794 1044 2870 veritatis
1065 2809 1211 2871 auctore
1230 2812 1271 2871 et

114 2897 119 2952 l
157 2915 302 2990 vindice
334 2912 547 2987 sanotiffimo
582 2929 618 2987 et
650 2910 912 3014 benigaiffimo.
989 2912 1157 2988 Ceteram
1194 2912 1271 2991 hoc

155 3030 304 3128 systema
327 3030 511 3105 doctrinae
537 3026 754 3131 Christianae
780 3030 953 3105 rationale
977 3028 1104 3104 eodem
1121 3031 1201 3105 iure
1221 3057 1271 3108 ao

46 3178 47 3185 ¹
156 3161 259 3225 vet'us
276 3148 366 3223 illud
383 3148 744 3249 Supernaturalismi,
773 3150 966 3244 positivam
986 3146 1108 3223 dicere
1127 3146 1269 3244 licebit,

157 3271 330 3372 quoniam
354 3264 491 3341 scilicet
515 3267 766 3366 argumentum
799 3266 878 3339 eim
904 3267 1116 3340 auctoritate
1140 3264 1270 3340 divina

158 3392 298 3460 interna
330 3384 357 3456 i.
385 3408 416 3458 e.
451 3396 569 3456 rectae
604 3380 775 3472 rationis,
815 3380 960 3455 divinae
992 3381 1154 3455 veritatis
1184 3382 1270 3458 luce

156 3501 394 3592 collustratae,
431 3490 880 3599 aslensueomprobatum,
915 3496 1131 3578 indubitatir
1154 3501 1269 3577 etiam

156 3605 351 3721 scripturae
384 3614 410 3691 s.
437 3614 577 3709 effatis,
619 3630 792 3715 tanquam
817 3616 1029 3732 anctoritate
1050 3614 1173 3689 divina
1200 3646 1269 3690 ee-

157 3758 277 3833 rema,
300 3736 532 3817 confirmatur
555 3760 598 3810 ao
623 3732 904 3809 commendatur.
968 3730 1055 3829 ¹Quo
1076 3730 1173 3808 facto
1193 3731 1268 3809 ho-

156 3858 318 3937 minibus
342 3854 573 3948 cultioribus,
596 3852 731 3955 quibus
754 3854 886 3926 veritas
908 3848 987 3953 ipsa
1010 3870 1077 3951 per
1097 3849 1168 3927 sese
1183 3878 1267 3929 ma-

155 3981 258 4056 xime
283 3990 428 4078 aocepta
454 3974 520 4069 eil,
546 4000 619 4049 non
643 3972 764 4047 nanus
785 3970 879 4047 bene
903 3967 1119 4064 consulitur,
1151 3989 1266 4070 quam

156 4090 429 4185 incultioribus,
451 4114 543 4190 quos
567 4086 717 4165 externa
731 4086 914 4188 =quaedam
936 4086 1128 4161 auotoritas
1148 4084 1265 4188 potis-
