2709 4659
23 235 99 349 'De
114 201 345 310 ausoauso
353 239 491 333 suuis
507 227 573 335 po
593 243 773 338 aarum
787 250 1052 344 eruamur.
1079 256 1148 325 osi

500 456 533 563 ᾗ.
563 467 689 542 taus
829 552 834 566 Ι
952 465 958 476 “

212 633 215 638 ·
293 589 841 686 sconrtnuario

136 789 195 868 nn
212 820 298 896 ergo
315 793 412 872 sacra
432 797 543 871 coena
560 793 715 871 solennis
732 797 871 889 fruitio
890 799 994 898 panis
1016 813 1055 876 ct
1066 801 1166 886 vini·

20 906 213 995 tanquam
232 897 476 992 symbolorum
498 899 626 972 mortis
645 895 794 1000 Clarissi,
828 923 941 998 ,qum
963 902 1030 1001 qui
1051 903 1145 978 cele·

18 992 161 1091 brant,
191 994 302 1077 buius
325 1001 452 1097 mauis
477 1015 512 1075 et
537 1001 654 1075 omnis
670 1001 792 1075 meriti
805 998 949 1097 Christi,
982 1005 1149 1085 maxima·

19 1121 120 1172 vero
135 1097 342 1203 disciplinae
359 1118 395 1177 et
418 1102 578 1205 exempli
598 1103 696 1196 eius,
727 1101 835 1181 modo
857 1101 994 1178 solenni
1017 1106 1144 1184 admo-

19 1199 124 1294 niti,
151 1202 198 1276 ad
212 1227 333 1278 veram
346 1204 387 1279 in
400 1206 518 1280 Deum
531 1219 567 1278 et
583 1200 759 1278 Christum
776 1204 942 1306 pietatem
957 1221 993 1280 et
1008 1208 1054 1282 ad
1069 1202 1141 1283 hu-
1188 1276 1192 1286 .

16 1302 241 1379 manitatem
261 1331 346 1408 erga
379 1305 472 1382 alios
491 1305 700 1383 excitantur
725 1321 834 1408 atque
862 1307 1139 1410 obstringuntur,
1249 1319 1258 1342 '

18 1417 62 1478 et
79 1402 146 1506 spe
160 1407 284 1482 reniae
300 1423 530 1510 peccatorum
551 1407 806 1510 felicitatisque
829 1406 1011 1507 aeternae,
1043 1409 1141 1488 surn-
1235 1442 1246 1468 =

15 1529 93 1581 mu
116 1519 156 1581 et
175 1507 344 1584 indefesso
367 1511 511 1586 virtutis
541 1509 654 1588 sludio
677 1509 874 1612 parandae,
913 1511 1138 1592 imbuuntur.

15 1606 91 1683 Sic
108 1609 216 1711 panis
229 1624 265 1685 et
279 1612 405 1688 riuum
419 1613 460 1687 in
471 1609 682 1688 eucharistia
702 1610 870 1689 exhibita
882 1612 977 1713 signa
993 1641 1065 1690 non
1081 1614 1139 1691 sc-

13 1708 106 1783 lum
113 1714 368 1808 fignifiooutio
384 1728 481 1790 recte
495 1712 673 1807 dicamur,
693 1713 753 1789 sed
768 1716 877 1789 stiam
887 1715 982 1814 tigno
995 1716 1022 1791 s
1038 1713 1138 1813 sym·
1148 1772 1164 1787 .
1300 1760 1304 1778 .

12 1811 113 1886 bola
139 1817 352 1934 ambitivo,
385 1817 450 1918 qui
474 1841 522 1934 pa
552 1839 646 1919 quae
668 1816 797 1907 morali
818 1818 980 1918 quadam·
998 1822 1137 1901 ratione

12 1928 147 1990 totum
162 1912 358 2012 Christum,
384 1944 434 2021 qu
521 1931 728 2019 etquantus
741 1917 813 1994 snit
827 1919 952 1996 doctor
965 1919 1029 2005 ille
1042 1920 1136 1996 diri-
1182 1991 1192 2004 ,

11 2044 95 2094 nus
120 2018 320 2095 doctrinam
341 2018 442 2097 snam
472 2035 586 2096 morte
610 2019 814 2122 obfignrns,
851 2020 1056 2098 fruentibus
1078 2051 1138 2100 re·-
1247 2115 1253 2123 p

12 2118 273 2224 praesentant,
297 2147 341 2197 ac
359 2121 495 2198 sirenue
510 2121 612 2196 illum
637 2121 810 2224 sequendi
824 2123 985 2199 officium
999 2124 1136 2226 gravis·
1204 2124 1211 2138 ‘

12 2225 111 2298 lime
138 2222 269 2301 iisdem
290 2225 481 2326 iniungunt
505 2222 575 2323 (lc.
595 2239 637 2320 6,
663 2222 768 2326 du),
801 2225 873 2320 ita,
908 2241 948 2301 ut
970 2231 1015 2301 ad
1036 2227 1134 2304 illius
1196 2251 1204 2261 ’

12 2326 238 2428 exemplum
252 2352 318 2430 pro
331 2354 416 2402 vero
431 2325 645 2428 honestoque
661 2327 719 2400 rel
735 2342 888 2403 mortem
901 2327 1021 2404 subire
1035 2325 1134 2405 baud
1253 2410 1257 2419 ,

13 2431 178 2504 timeant
194 2426 248 2528 ⁰).
306 2431 407 2504 Haeo
428 2430 625 2530 explicatio
648 2445 685 2503 et
706 2451 790 2505 cum
809 2429 929 2504 verbis
944 2429 1134 2520 institutio-

13 2531 103 2626 nis,
131 2545 166 2604 et
182 2557 266 2607 cum
280 2532 407 2606 ceteris
424 2531 470 2607 N.
484 2530 532 2607 Τ.
559 2533 758 2632 praeceptis
773 2531 981 2633 purioribus
996 2533 1131 2633 optime
1203 2612 1209 2628 ,
1256 2559 1259 2565 ·

13 2633 204 2732 congruit.
254 2634 438 2708 Praeterea
457 2657 500 2708 eo
522 2634 814 2729 commendatur,
875 2633 948 2708 uod
969 2635 1133 2734 magister

13 2737 86 2810 ille
107 2734 399 2836 sapientissimus,
439 2735 598 2830 siusium
622 2761 828 2837 quenquam
849 2661 989 2810 bosom
1011 2738 1132 2832 mysti-

13 2863 109 2916 cum
125 2836 248 2911 verbis
262 2837 308 2909 ab
325 2836 401 2938 ipso
417 2839 663 2938 pronunciatis
683 2864 704 2911 a
726 2838 909 2940 discipulis
929 2837 1042 2912 tribui
1066 2865 1132 2914 ro-
1235 2831 1242 2850 '

13 2937 158 3034 luisset,
191 2938 232 3013 id
255 2939 371 3040 ipsum
397 2938 524 3012 diserte
545 2963 691 3013 monere
712 2938 811 3014 haud
829 2938 1017 3014 omissuros
1041 2955 1127 3017 erat.
1226 2999 1238 3008 .

13 3043 94 3118 Etsi
120 3066 207 3116 vero
231 3039 294 3118 hic
315 3042 426 3135 ritus,
464 3055 639 3142 quatenus
659 3040 718 3114 rel
742 3065 828 3116 vera
850 3042 908 3116 vel
935 3039 1129 3137 symbolica

13 3143 181 3248 quadam
211 3145 372 3245 eorporis
394 3140 545 3217 humani
574 3143 847 3218 manducatione
879 3157 916 3218 et
945 3142 1129 3319 sanguinis

13 3247 176 3322 humani
192 3243 369 3320 bibitione
384 3249 605 3340 continetur,
632 3247 841 3321 recentioris
861 3246 986 3321 aetatis
1033 3248 1128 3321 omi-

13 3373 111 3425 num
129 3346 274 3422 iudiciis
289 3362 325 3421 et
339 3347 500 3422 moribus
517 3373 589 3421 non
605 3373 718 3449 aeque
726 3403 737 3443 ,
772 3373 815 3422 ao
829 3347 1046 3451 populorum
1061 3373 1127 3422 au·

13 3451 219 3554 tiquicrnm
236 3449 466 3552 opinionibus
481 3465 589 3550 atque
606 3451 772 3524 institutis
792 3451 978 3542 convenit3
1005 3465 1126 3524 tamen
1191 3515 1196 3522 .

13 3572 47 3632 et
80 3552 194 3627 nostra
223 3568 355 3645 aetate,
391 3552 584 3626 dummodo
606 3551 783 3654 sapienter
803 3567 839 3625 et
861 3553 942 3626 aeri
964 3551 1126 3628 cultioria
1174 3644 1179 3654 .

13 3655 165 3755 ingenio
182 3652 448 3732 accommodate
467 3655 644 3728 institutus
659 3653 768 3728 suerit
782 3652 839 3752 ὅ),
871 3655 910 3728 in
928 3652 1031 3726 usum
1045 3679 1125 3728 mc-

13 3759 135 3844 ralem
152 3759 290 3860 optime
310 3757 469 3831 converti
491 3755 609 3860 potell.
672 3755 793 3849 Quare
810 3755 913 3830 valde
928 3754 1125 3855 optandum

13 3862 83 3952 esi,
105 3876 144 3935 ut
157 3861 378 3962 {sequentior
394 3855 503 3933 huius
516 3859 726 3932 sacramenti
746 3856 850 3950 usus,
876 3861 936 3933 cui
951 3874 1025 3929 tarn
1040 3879 1124 3956 gra*
1242 3879 1250 3891 ’

14 3965 76 4037 ria
103 3961 224 4038 insunt
247 3963 294 4038 ad
325 3962 497 4063 pietatem
526 3957 856 4060 humanitatemque
879 3959 1122 4053 incitamenta,

14 4066 154 4141 saniore
176 4065 285 4142 totius
306 4064 451 4142 institut
477 4061 722 4236 “Psfflfiffil}
748 4076 785 4137 at
812 4054 1122 4154 administratione,
1183 4059 1191 4077 ‘

47 4181 104 4237 Eu
125 4181 178 4237 VI.
729 4189 753 4236 n
1093 4180 1104 4210 ¹
1168 4211 1172 4216 ·
