2709 4659
45 193 48 198 >
148 252 208 319 De
227 254 330 327 modo
343 252 479 345 solutis
492 275 559 345 per
580 252 759 347 cnnflom
777 254 1044 347 consequendae·
1083 258 1157 329 tot

50 405 208 500 menime
227 423 336 502 modo
350 412 511 503 efflorui
531 438 630 505 recte
642 422 813 509 docuerat
832 423 888 524 ⁸),
920 431 1089 500 mentum
1101 440 1157 502 te-

48 552 129 646 mon
147 525 502 628 quoddsmhomiuis
517 529 557 603 in
569 527 810 629 comparanda
825 528 890 603 [ibi
902 522 1019 628 gratis
1033 528 1158 603 divine

48 629 202 704 mminm
221 626 366 707 torrete
386 630 580 707 iactavere
595 628 649 729 ὅ)
714 628 830 703 Postea
853 628 935 724 ulii,
962 636 1157 727 Semipela-

45 737 151 827 ginnt
167 732 276 825 dicti,
310 745 346 805 et
361 728 430 807 hac
445 732 485 805 in
499 758 539 807 re
555 733 709 807 mediam
724 730 904 831 quandum
922 733 1018 823 viem
1031 749 1156 825 tenen-

46 849 119 927 tes,
152 832 504 935 praedestinationem
522 858 595 907 nun
617 860 667 907 ex
682 833 824 907 decreto
843 829 1026 929 absoluto,
1051 832 1111 910 sed
1134 862 1155 911 e

46 936 160 1035 gretia
177 935 299 1009 divine
314 936 504 1009 coniuncte
520 960 605 1015 cum
618 931 731 1009 studio
744 930 903 1009 humano
918 936 1073 1035 pendere
1089 937 1155 1013 ste·
1263 958 1268 965 ·

46 1052 189 1111 tucrum
214 1034 269 1135 0),
311 1038 466 1138 gretiam
490 1042 777 1133 praevenientem
814 1038 1041 1131 inferiorem,
1081 1062 1155 1113 uon

45 1157 306 1235 cooperantem,
324 1141 537 1233 fulcientem
551 1154 587 1215 et
601 1148 898 1235 consummantem
914 1140 1151 1217 defendentes.

43 1242 121 1315 Alii
146 1266 231 1315 vero
252 1241 486 1341 Angudinum
516 1240 628 1317 secuti
652 1242 710 1316 vel
739 1242 905 1337 duriora,
945 1268 1054 1343 quani
1078 1243 1157 1344 ipse

42 1344 277 1445 Augrrfiinus,
308 1345 439 1446 placita
463 1342 680 1447 proposuiss'e
701 1344 882 1439 dicuntur,
916 1344 1013 1422 unde
1027 1344 1153 1419 seculis

42 1447 94 1540 V,
123 1447 171 1519 vl
185 1461 222 1521 et
236 1447 291 1520 [Χ
306 1451 719 1546 Praedestinntianornm
740 1448 883 1519 nomine
898 1446 1026 1545 finguli
1040 1448 1153 1521 notati

18 1544 192 1647 tants).
251 1548 439 1650 Postquam
459 1564 580 1623 eutem
601 1546 832 1651 sequentibus
855 1547 981 1623 seculis
1004 1545 1154 1625 Schola-

8 1686 12 1690 ·
40 1650 116 1723 reici
141 1648 239 1726 haut
260 1653 368 1753 pauci
384 1652 429 1725 ed
451 1651 816 1753 semipelagianorum
838 1651 1021 1751 opiniones
1043 1648 1153 1726 defle·

40 1768 190 1847 xerunt,
224 1751 405 1828 sacrorum
432 1756 695 1847 emendatores,
729 1767 975 1827 commentae
1007 1752 1151 1855 placitis

39 1852 186 1953 illorum
206 1855 364 1956 prosectu
386 1853 505 1955 (velut
528 1856 572 1930 de
591 1856 719 1931 merito
731 1870 768 1929 et
788 1852 953 1929 thesauro
971 1852 1151 1931 bonorum

38 1981 191 2056 operum
218 1955 286 2056 al.)
318 1959 455 2033 strenue
486 1956 751 2059 impuonondo,
802 1956 848 2029 ed
888 1957 1149 2056 Augustini,
1197 1960 1201 1969 ’

36 2058 170 2131 Petri
193 2059 444 2135 Lombnrdi
481 2075 516 2135 et
554 2017 755 2133 Tdromae
788 2058 1037 2159 Aquinatis
1070 2056 1147 2133 ien-

35 2161 166 2234 tentias
194 2176 269 2234 tam
291 2188 404 2264 prope
426 2160 660 2255 accederunt,
692 2175 732 2233 ut
754 2160 820 2259 ipsu
843 2162 952 2235 etiam
967 2158 1150 2235 duriorem

34 2259 81 2335 de
96 2262 413 2364 praedestinatione
426 2264 617 2339 formulam
631 2263 726 2336 tueri
738 2260 944 2337 viderentur
958 2260 1011 2360 τ),
1038 2288 1149 2363 quem

34 2389 56 2435 a
82 2364 322 2465 Zwinglio
349 2366 685 2439 iamedumbratam
705 2360 766 2463 d),
800 2361 1088 2463 aCal'rinu')
1113 2377 1149 2441 et
1175 2406 1179 2414 ·

33 2466 151 2540 Beze
167 2463 210 2567 ¹¹)
235 2468 366 2542 acriter
387 2468 567 2543 defensam
589 2468 705 2569 postea
728 2464 852 2559 nostri,
884 2466 952 2539 fibi
975 2464 1038 2569 ipfi
1064 2468 1149 2569 qui-

32 2566 118 2641 dem
141 2594 216 2643 non
238 2571 384 2644 omnino
417 2570 609 2645 constantes
630 2568 685 2667 ¹),
725 2564 965 2643 deseruerunt.
1027 2568 1147 2645 Vuriis

31 2668 118 2743 inde
135 2664 287 2754 ononis
297 2673 542 2747 controverfiis
551 2729 570 2766 „
596 2697 689 2772 quae
707 2668 816 2745 seculi
830 2670 972 2744 demum
988 2668 1148 2773 superine
1252 2708 1256 2713 ·

29 2772 83 2845 ris
103 2772 252 2873 ingenio
275 2775 414 2848 mitiori
433 2773 625 2867 cedebant,
657 2773 819 2876 primum
843 2772 965 2845 audite
986 2768 1065 2847 suut
1080 2797 1145 2846 no·
1213 2772 1216 2791 '

27 2877 129 2949 mina
157 2878 503 2975 Universaliflarnm
524 2874 847 2975 (hypotheticorum
873 2888 908 2947 et
930 2880 1145 2971 categorico·
1221 2922 1223 2933 ι

29 2978 110 3047 'rum
128 2975 155 3051 s.
175 2976 460 3079 absolutorum),
486 2982 846 3075 Snprolnpsoriorum
859 2990 897 3049 et
913 2979 1146 3079 Infrulnpsnf
1264 3056 1266 3063 ,

25 3083 165 3153 riorum
174 3132 190 3167 ,
224 3106 378 3180 quorum
400 3081 542 3155 decreta
565 3081 719 3175 synodus
742 3078 969 3153 Dordracena
990 3105 1021 3153 a.
1048 3093 1143 3157 1618

25 3194 63 3254 et
82 3198 129 3261 19
145 3180 336 3285 probavit,
361 3210 474 3284 quum
489 3184 553 3255 otii
568 3184 858 3256 Reformatorem
877 3196 1015 3275 coetus,
1039 3204 1144 3285 prue-

21 3283 150 3358 sertim
167 3285 391 3380 Arminium,
428 3299 464 3358 et
479 3284 675 3387 Augustino
699 3300 737 3357 et
751 3283 897 3358 Calvino
912 3286 1059 3357 omnino
1078 3282 1142 3371 ud-¹
1270 3290 1277 3317 '

20 3384 158 3459 versuti
173 3383 283 3460 effent
296 3385 359 3486 Μ).
420 3388 462 3460 ln
480 3387 622 3465 ecclesia
640 3385 823 3461 Catholico
846 3380 962 3459 secnl‘o
976 3383 1083 3471 XVII
1098 3382 1141 3459 de

19 3488 344 3589 praedestinatione
367 3488 518 3589 aliisque
543 3488 727 3564 doctrinae
747 3484 926 3589 capitibus
948 3484 1021 3561 huc
1046 3486 1139 3561 refe-

19 3592 142 3665 rendis
167 3616 298 3691 magna
322 3590 422 3665 fuere
438 3590 595 3685 diffidia,
631 3616 723 3690 (puae
748 3616 792 3662 ne
818 3588 1067 3663 Clementis
1084 3590 1141 3662 XI
1276 3670 1284 3691 Ι

19 3694 176 3793 quidem
202 3692 308 3772 Bulla
336 3698 548 3788 Unigenttm
572 3718 605 3767 a.
634 3706 729 3781 1713
754 3690 979 3790 ¹exstinguere
1001 3692 1138 3790 potuit;

17 3797 94 3867 imo
121 3798 333 3868 etiamnunc
355 3794 564 3869 lesuitarum
586 3796 656 3867 five
683 3799 947 3891 Motiniflornm
970 3792 1140 3867 sententia
1175 3870 1180 3889 k

17 3898 312 3999 Semipelagiaoa
329 3923 444 3997 neque
458 3922 501 3969 ac
515 3896 677 3970 doctrina
692 3900 985 3993 Innsenzstarnm,
1011 3895 1139 3991 Augu-

15 3999 150 4073 tinum
174 4000 324 4099 prettius
346 3998 587 4100 sequentium,
621 4000 662 4072 in
686 3998 828 4073 ecclelia
852 3998 912 4071 ista
928 3995 1065 4069 obtinet
1081 3990 1134 4092 ¹²).

15 4104 49 4175 A
67 4098 289 4176 Lutherunis
312 4116 348 4175 et
371 4101 588 4177 Reformatis
610 4098 785 4201 theologis
807 4097 1002 4175 recentiore
1025 4110 1146 4177 aetate·
