2709 4659
213 225 263 297 46
352 186 364 225 γ’
436 220 706 313 Protagoram
758 216 877 309 caput
894 218 928 288 Ι.
978 207 1013 311 §
1037 226 1098 291 11.

282 398 414 467 quem
430 387 554 463 suprema
566 389 624 445 eius
636 386 681 447 vis
694 394 821 442 cenatur
841 384 871 440 iu
886 385 957 443 ideis
971 376 1159 459 coneipimdls
1173 385 1322 459 eademsgoe

159 477 162 486 “
281 474 337 549 ipsa
355 482 430 531 recte
449 472 556 529 dicatur
571 474 651 533 eveo,
674 469 780 525 homini
799 469 895 528 allec
916 470 1005 527 mum
1021 470 1074 527 elle
1092 471 1250 529 heulhtem
1268 490 1323 527 non

133 591 137 601 =
282 558 429 621 excultam,
451 553 497 611 sed
510 554 609 611 ashdue
622 554 795 611 excolendam
810 553 928 619 conflat,
945 555 1058 629 eiusque
1071 555 1173 617 aciem,
1191 554 1324 614 adiuvan-

176 702 178 705 .
281 646 353 703 tihue
366 654 473 701 tantum
485 644 565 697 rebus
578 640 738 698 saudiffimis
753 660 769 695 a
782 640 835 695 Dei
849 638 1020 713 providentia
1032 641 1201 713 repetendis,
1225 642 1262 695 ita
1274 659 1324 696 cu·-

280 730 336 787 rari
355 728 443 803 polle,
465 736 496 793 ut
513 745 548 781 ne
566 726 774 801 prsehringatnr
785 724 932 779 moribus.
968 722 1144 799 Quapropter
1157 725 1324 798 distinguen-

280 815 348 869 dum
360 811 398 867 eu
410 810 481 866 iuter
493 810 626 865 rationem
640 809 671 862 tit
683 806 825 883 adssucto
836 817 864 863 et
876 810 908 863 in
921 816 1067 868 mem,
1089 808 1131 863 nti
1143 808 1258 871 dicitur,
1274 824 1324 863 co-

210 933 214 942 ·
280 901 399 974 gtuum.
439 882 538 967 Neque
552 913 619 954 vero
640 892 757 949 dubitavi
780 892 882 967 poteh,
912 894 979 967 quin
1002 892 1033 948 iu
1054 892 1138 949 relius
1156 892 1323 965 gravillimis,

281 998 350 1054 quae
370 978 404 1034 ad
423 976 582 1050 religionem
599 984 628 1030 et
646 972 813 1049 honestatem
832 973 962 1030 tuendam
982 974 1134 1049 pertinent,
1157 976 1277 1045 itemque
1295 975 1323 1027 in

280 1061 428 1138 praeceptis
441 1060 505 1115 artie
517 1058 636 1133 logicae,
662 1076 758 1113 omnes
769 1057 826 1112 sere
844 1054 1068 1131 philosophorum
1086 1054 1195 1113 scholae
1213 1058 1323 1112 mirifice

279 1146 351 1201 inter
369 1142 397 1199 ie
418 1142 599 1207 conveniant;
628 1150 655 1197 et
674 1140 747 1197 inter
765 1139 837 1213 ipsos
855 1140 1001 1213 scriptores
1018 1138 1056 1197 lic
1074 1140 1163 1197 dictos
1187 1140 1322 1214 profanos,

275 1248 352 1308 quos
362 1227 457 1285 iuiulie
469 1224 625 1285 aversanum
635 1234 718 1299 atque
727 1223 927 1281 calumniantur
936 1225 1112 1281 undamn
1122 1224 1242 1297 petroni,
1253 1222 1322 1277 hand

280 1330 381 1385 paitcos
395 1307 446 1363 else
460 1305 579 1372 conflet,
596 1306 644 1381 qui
658 1305 810 1379 praeclaras
824 1307 857 1361 de
871 1306 1002 1378 religione
1016 1325 1049 1363 ac
1061 1307 1162 1365 virtute
1174 1303 1321 1367 tenuato,

280 1392 337 1448 lesu
352 1388 448 1447 cariffi
466 1389 579 1444 decretis
597 1398 623 1443 et
639 1388 789 1461 praeceptis
806 1386 877 1443 haud
893 1386 1042 1452 absimiles,
1064 1388 1093 1443 in
1112 1389 1237 1443 medium
1257 1406 1320 1459 pro-

280 1478 401 1537 tulerint.
438 1474 540 1531 Contm
551 1476 624 1529 inter
637 1492 684 1529 eos
696 1472 782 1547 ipsos,
806 1472 853 1546 qui
865 1473 980 1529 eandem
992 1472 1187 1531 revelationem
1205 1470 1279 1545 sequi
1295 1470 1319 1525 se

160 1620 166 1635 ,
280 1563 387 1641 proielli
399 1560 475 1627 suut,
497 1577 595 1633 magua
608 1560 771 1633 opinionum
785 1556 921 1615 diversitas
935 1558 1068 1622 ohtinuit3
1091 1576 1144 1613 nec
1156 1558 1204 1612 illa
1218 1556 1319 1613 revela·

233 1692 238 1703 .
279 1648 361 1706 honis
374 1646 520 1703 auctoritas
532 1644 665 1717 impedire
682 1642 788 1715 potuit,
812 1661 868 1714 quo
883 1642 974 1695 minus
987 1641 1045 1697 eius
1056 1639 1166 1713 alleelae
1180 1640 1215 1695 ad
1229 1638 1320 1709 luper-

278 1732 415 1793 hitiunem
428 1746 588 1799 erroresque
598 1726 668 1781 alios
682 1744 740 1781 non
754 1724 837 1779 modo
850 1724 972 1800 ineptos,
996 1723 1042 1779 sed
1055 1724 1136 1779 etiam
1150 1720 1318 1796 perniciosos,

279 1819 479 1874 delaberentur.
517 1810 622 1881 Quodli
637 1829 704 1869 vero
716 1811 778 1865 Deo
793 1808 946 1884 placuisset,
962 1827 1060 1866 omnes
1072 1812 1202 1867 omnihus
1214 1804 1318 1885 tempo-

279 1900 355 1955 ribus
367 1898 439 1953 idem
451 1894 561 1969 prorsus
573 1892 672 1949 sentire
685 1892 812 1947 derebus
826 1892 939 1957 divinis,
955 1892 1007 1957 ita,
1025 1903 1055 1947 ut
1068 1890 1123 1965 ipsa
1134 1893 1226 1950 forma
1238 1907 1264 1951 et
1273 1896 1318 1949 iu-

278 1987 391 2044 volnera
410 1982 531 2037 idearum
549 1978 584 2035 ad
600 1978 761 2052 religionem
779 1979 973 2051 pertinentium
986 1982 1114 2038 omnihus
1126 1984 1221 2039 eadem
1234 1984 1319 2048 ellat,

278 2078 352 2125 certo
365 2060 557 2140 sapientissimis
571 2059 707 2135 praesidiis
719 2061 749 2118 id
761 2062 905 2119 effecturus
917 2061 1016 2119 leuet

248 2190 252 2203 ’
312 2174 621 2251 'Btlhmehsuprah
644 2174 766 2250 petit.

243 2344 272 2413 h)
297 2336 342 2393 Eli
362 2333 493 2409 quaedam
512 2331 644 2387 humanae
664 2331 763 2387 mentis
782 2331 951 2405 arrogantia,
974 2350 1057 2405 quam
1077 2332 1143 2391 falso
1164 2336 1316 2393 modeliiam

278 2424 503 2494 interpretantur,
526 2434 611 2487 quae,
635 2413 683 2468 uhi
704 2414 733 2468 m
753 2434 847 2469 rerum
868 2424 963 2469 natura
982 2416 1085 2486 aliquid
1103 2420 1217 2485 accidit,
1248 2424 1316 2493 quod

278 2523 335 2559 uon
348 2499 434 2556 haiim
448 2517 479 2553 ex
492 2496 575 2552 causas
588 2492 702 2569 physicis
716 2504 744 2550 et
758 2495 906 2550 moralibus
919 2494 1044 2568 explicari
1062 2498 1134 2571 polle
1148 2500 1268 2565 videtur,
1289 2504 1315 2557 id

167 2580 172 2587 ⁸
277 2586 463 2648 immediatae,
487 2600 556 2653 quae
572 2582 644 2654 leges
665 2591 778 2635 naturae
795 2581 989 2653 interrumpat,
1013 2579 1064 2636 live
1080 2584 1256 2642 miraculosae
1266 2588 1314 2641 Dei

279 2673 415 2733 efficaciae
432 2670 503 2725 haud
522 2678 681 2725 cunctanter
699 2668 829 2723 attribuit.
861 2667 973 2735 (Kant
991 2666 1182 2741 Vorlesungen
1195 2674 1316 2729 ilderdie

278 2748 460 2831 ueeaphystt.
484 2754 516 2809 h.
531 2752 608 2808 182⁵.
633 2772 661 2825 p.
673 2750 750 2823 888.)
791 2752 831 2807 At
852 2751 1006 2807 modestum
1028 2752 1218 2827 indagatorem
1235 2759 1317 2822 decet,

277 2846 325 2901 uhi
338 2842 397 2897 talis
411 2849 523 2897 eventus
537 2836 625 2893 caulas
638 2836 773 2892 naturales
787 2847 814 2891 et
826 2835 1000 2891 intermedias
1016 2856 1073 2892 non
1091 2836 1180 2893 liutius
1198 2843 1314 2914 reperiat,

205 2980 209 2991 ,
278 2946 373 2989 earum
384 2924 593 2981 declarationem
607 2942 622 2977 a
634 2922 729 2980 futuro
741 2932 863 2995 tempore
875 2922 966 2994 potius
976 2922 1138 2997 exspectare,
1155 2945 1239 2998 quam
1249 2948 1316 2984 con-

205 3066 210 3075 ,
278 3016 356 3072 tinuo
369 3009 490 3085 prodigia
502 3018 528 3063 et
542 3007 673 3063 miracula
689 3009 710 3061 i.
723 3028 748 3063 e.
763 3018 872 3062 eventus
885 3004 1079 3079 supernaturali
1099 3011 1183 3066 modo
1203 3014 1315 3077 effectos,

150 3092 155 3105 ⁶
205 3146 210 3157 ,
277 3096 425 3159 somniare,
450 3091 478 3147 id
491 3090 580 3161 quod,
605 3110 661 3164 quo
674 3090 771 3147 rudior
784 3101 811 3147 et
824 3090 954 3157 incultior
965 3090 1047 3146 homo
1061 3094 1127 3157 fuit,
1143 3117 1175 3151 eo
1188 3100 1313 3171 frequen.

278 3180 333 3235 tius
344 3176 451 3243 accidit.
486 3173 577 3228 Nihilo
592 3174 683 3229 minus
696 3192 773 3230 mens
785 3174 917 3239 humano,
934 3172 980 3228 elli
992 3175 1021 3229 iu
1034 3178 1116 3232 rebus
1128 3178 1253 3236 sensuum
1265 3202 1314 3255 ope

60 3264 67 3273 '
154 3275 157 3290 ¹
278 3258 457 3336 percipiendis
470 3258 600 3329 temporis
614 3276 646 3313 ac
660 3258 737 3330 spatii
756 3257 886 3313 limitibus
901 3267 928 3313 et
940 3255 1111 3327 ιαψὶἰιοιὺ
1128 3262 1181 3335 legi
1200 3265 1312 3322 necem.

278 3346 321 3401 riu
335 3341 457 3401 adhricu
470 3352 591 3403 tenetur,
616 3351 708 3399 lamen
720 3342 849 3415 religione
863 3340 942 3397 ducta
959 3342 998 3413 (ς.
1012 3340 1069 3413 8.),
1094 3364 1271 3423 pmoeunque
1285 3350 1314 3403 in

182 3442 188 3457 ·
278 3446 372 3487 rerum
386 3436 481 3483 natura
495 3428 648 3491 evenerint,
672 3427 706 3482 ad
720 3426 811 3481 Deum
825 3424 1030 3497 providentem,
1053 3426 1205 3501 supremam
1219 3432 1314 3488 scilicet

280 3508 404 3572 causam,
425 3506 529 3565 summa
549 3508 646 3583 pietate
664 3510 772 3565 reseret.
807 3506 877 3563 Sunt
889 3508 961 3563 enim
976 3510 1087 3582 quidam
1102 3516 1256 3585 eventuslin
1269 3535 1313 3571 re·

204 3624 209 3635 ι
279 3612 342 3649 rum
355 3602 466 3656 natura,
489 3612 608 3665 quorum
620 3590 729 3655 musae,
752 3591 819 3648 licut
831 3591 950 3646 rationes
962 3604 989 3647 et
1002 3593 1073 3666 leges
1086 3604 1211 3663 naturae,
1226 3620 1242 3654 e
1254 3600 1311 3671 qui-

278 3677 331 3731 hus
351 3672 484 3747 pendent,
515 3676 550 3731 oh
570 3674 669 3731 mentis
689 3669 899 3752 imbecillitatem
919 3684 965 3731 aul
985 3676 1173 3748 aperientiatu
1191 3701 1312 3737 manum

280 3776 338 3813 uon
351 3756 477 3811 omnihus
490 3777 519 3811 ee
532 3758 652 3831 partibus
664 3769 692 3815 et
705 3759 784 3832 plane
798 3758 907 3832 possunt
920 3759 1063 3833 cognosci,
1086 3782 1111 3817 e.
1125 3784 1150 3818 c.
1164 3769 1311 3838 generatio·

279 3840 322 3895 nis
335 3836 499 3912 myserium.
534 3840 630 3915 Neque
647 3850 739 3898 tamen
756 3843 819 3899 inde
833 3842 961 3899 concludi
980 3842 1081 3916 potell,
1104 3846 1194 3905 caulas
1205 3862 1231 3905 et
1244 3852 1310 3923 leges

280 3940 325 3979 eas
339 3921 384 3978 hic
397 3924 510 3979 omuino
524 3924 616 3981 locum
637 3946 695 3982 non
714 3928 827 3995 lohere,
851 3939 877 3983 et
890 3927 976 4000 ipsum
990 3930 1081 3985 Deum
1096 3933 1124 3989 iu
1138 3938 1239 3993 mundo
1250 3938 1310 3995 san-

278 4006 346 4065 lihili
357 4006 493 4063 interdum
507 4006 561 4065 hue
571 4010 710 4068 causarum
723 4012 943 4069 interntediarnm
955 4014 1110 4074 interventu
1122 4017 1143 4073 s.
1154 4024 1310 4079 unmedahte

257 4190 260 4201 Ι
278 4090 532 4171 ulimmerii
544 4096 630 4153 modo
648 4100 764 4180 operari.
798 4100 923 4174 Namque
935 4100 1012 4157 Deus
1026 4102 1081 4177 ipse
1096 4105 1167 4177 leges
1178 4108 1307 4180 cognitio-
