2709 4659
583 291 783 384 Pruefutio.
955 387 960 397 λ
1125 378 1140 395 s
1195 314 1241 365 ιιι

115 438 216 523 Nam
263 453 410 533 illud
473 464 639 564 quidem
673 464 783 541 hodie
814 490 918 541 nemo
957 464 1089 544 barum
1116 490 1242 545 rerum

44 559 181 657 sfflllesss
214 575 541 689 existimator
570 582 791 686 exspectabit
817 584 898 660 lieri
926 582 1022 687 polse
1051 598 1115 659 aut
1143 571 1242 674 satu,-

53 700 119 754 tun
140 683 236 785 else,
286 710 350 769 ut
398 712 533 773 totus
556 700 617 774 ille
642 700 851 801 dogmatum
876 702 1109 803 complexus,
1151 725 1242 801 qua·
1285 775 1297 797 Δ,

59 794 118 874 lm
136 798 359 895 lscruturrr
405 818 678 891 emendatores
711 842 844 917 eosque
868 815 981 907 secuti
1003 816 1164 916 theologi
1186 816 1242 893 se-
1334 861 1337 868 ·

74 917 135 993 culi
152 922 256 999 m
291 942 341 1003 et
382 932 526 1007 XVII
556 930 602 1005 ad
635 924 689 1005 sui
721 933 895 1033 temporis
918 934 1074 1007 rationes
1099 958 1275 1009 aecem·

82 1038 207 1115 notate
231 1044 587 1147 composuerunt,
626 1046 906 1146 intelligentibus
926 1049 1137 1143 etiamnunc·
1155 1074 1242 1151 pro-

86 1152 202 1252 taur,
243 1174 289 1234 et
327 1188 450 1263 quae
487 1161 576 1237 inde
609 1187 631 1235 a
663 1163 842 1263 proximis
867 1162 944 1237 sere
966 1162 1159 1239 duodecim
1183 1164 1242 1239 lu-

95 1272 162 1349 stris
183 1272 469 1379 philologiae,
513 1278 680 1355 historiae
712 1295 749 1355 et
786 1278 1037 1383 philosophiae,
1056 1282 1138 1359 luoe
1162 1259 1242 1359 tin-

97 1393 177 1469 dem
202 1396 431 1497 aliquando
453 1396 585 1473 melius
610 1420 652 1472 ac
676 1399 797 1502 verius
821 1400 981 1501 expolita
1004 1399 1105 1497 sunt,
1130 1428 1151 1476 a
1175 1402 1241 1478 do-

98 1518 282 1593 ctioribus
317 1518 571 1612 deseruntur,
608 1517 669 1593 vel
697 1519 806 1597 etiam
829 1519 870 1592 in
892 1518 1008 1620 ipsam
1029 1521 1241 1621 popularem

96 1636 298 1737 religionis
325 1638 599 1713 institutionem
622 1637 787 1711 revocari
808 1634 948 1738 possut.
1000 1636 1163 1739 Namque
1180 1663 1242 1713 ru·

98 1754 219 1827 tionis
246 1754 384 1849 ideas,
427 1779 521 1855 quae
545 1753 706 1827 veritatis
725 1753 823 1852 ligno
848 1751 1134 1849 commendatae,
1174 1781 1242 1845 no-

96 1868 197 1943 nris·
221 1869 389 1973 qtridem
420 1868 664 1971 temporibus,
706 1854 814 1943 lenies
837 1870 885 1943 ad
914 1870 1090 1971 plurimos
1114 1872 1241 1976 populi
1319 1921 1321 1930 =

96 1989 318 2062 cuiusdam
343 1990 444 2064 cives
468 2002 680 2090 pervagatae
709 1988 864 2083 fuerint,
904 1990 962 2064 vel
986 1989 1242 2093 hierophanta·

96 2130 200 2179 rum
228 2122 268 2181 et
293 2108 402 2181 inani
426 2132 571 2200 eorum,
601 2106 667 2206 qui
692 2102 728 2181 se
752 2102 844 2181 solos
869 2104 1106 2202 orthodoxos,
1150 2109 1242 2210 quin

98 2226 239 2299 etiam
271 2224 452 2297 divinitus
484 2222 696 2325 inspiratos,
733 2237 881 2325 putant,
920 2226 1142 2324 arrogantia,
1182 2225 1270 2303 vel-

99 2340 252 2417 fallaci
277 2340 583 2441 mystagogorum,
625 2338 691 2439 qui
721 2338 904 2439 religionis
929 2338 1089 2442 speciem‘
1102 2341 1242 2442 fraud}
1301 2374 1308 2389 ·

106 2458 195 2533 bus
226 2475 291 2557 aut
316 2455 577 2559 cupiditatibus
608 2455 864 2555 praetendunt,
895 2454 1134 2551 simulatione,
1167 2456 1241 2531 ullo

106 2594 297 2681 tempore
327 2560 433 2677 plane
463 2573 640 2673 exstingui
663 2568 779 2673 posse,
820 2598 927 2647 nemo
951 2598 1133 2674 unquam,
1175 2573 1248 2675 qui
1313 2614 1318 2619 ·

109 2696 383 2800 providentiae
417 2694 561 2769 divinae
600 2690 744 2765 cursum
781 2686 947 2765 historiam
982 2690 1062 2767 luee
1092 2691 1242 2771 illustre-

115 2830 215 2889 tum
247 2816 427 2906 intuetur,
468 2808 536 2884 libi
569 2804 789 2911 persuaserit.
861 2804 1018 2883 Omnino
1043 2807 1242 2913 progressus

121 2934 172 3007 in
200 2932 402 3007 litterarum
427 2925 602 3013 doctrinis
621 2950 687 3029 per
712 2938 766 3000 tot
788 2920 907 2998 secula
931 2924 1019 3000 facti
1043 2927 1144 3028 iique
1168 2932 1242 3001 nori

122 3074 151 3122 a
175 3046 398 3147 singulorum
422 3040 614 3119 bominum
641 3040 792 3141 ingenio
818 3039 878 3114 vel
901 3039 1052 3116 arbitrio
1077 3040 1242 3144 profecti,
1305 3054 1310 3061 '

129 3164 195 3241 sed
221 3163 348 3241 sensim
386 3158 514 3235 divine
537 3158 764 3261 providentia
793 3157 1093 3233 concurrentibus·
1113 3159 1262 3242 essue„

130 3311 216 3358 rum
249 3282 418 3385 gentium
451 3274 574 3353 studiis
604 3273 726 3352 effecti
757 3274 948 3377 plerosque
972 3275 1242 3351 Protestantium

133 3402 358 3479 eeclesiarum
400 3395 517 3473 socios
549 3391 596 3471 ad
634 3394 763 3467 altiora
794 3393 892 3492 quali
931 3376 1098 3469 seientiae
1135 3407 1243 3494 atque

130 3523 287 3599 culturae
319 3515 464 3615 templa
497 3512 744 3605 adduxerunt,
784 3509 880 3584 unde
911 3508 1020 3585 aliam
1049 3510 1136 3587 fidei
1157 3512 1244 3587 reli-

122 3638 241 3743 giosae
263 3637 434 3713 sormam
467 3654 508 3707 ac
532 3628 686 3730 speeiem
716 3627 916 3719 intuentur,
958 3614 1068 3727 qiam
1095 3630 1245 3704 maiori·

116 3760 187 3837 bus
210 3716 450 3851 nostris'pro
476 3745 571 3820 illius
594 3745 722 3821 aetatis
754 3740 954 3817 rationibus
984 3744 1099 3819 licuit.
1163 3745 1244 3821 Non

110 3879 222 3963 enim,
238 3872 324 3951 sola
363 3876 554 3939 certorum
584 3860 775 3939 hominum
800 3874 863 3933 aut
886 3858 1064 3960 librorum
1087 3862 1245 3937 auetori-

105 4020 177 4081 ωε
197 3990 409 4077 confidere
437 3978 591 4083 possunt,
613 3983 682 4059 atti
704 3980 843 4055 interna
868 3980 1027 4055 veritatis
1051 3956 1264 4055 auotoritas*

95 4122 318 4219 intimaque
351 4100 410 4177 de
439 4122 481 4171 ea
500 4102 672 4204 persuaso
699 4098 865 4191 accedam
888 4118 932 4169 ae
954 4096 981 4169 li
1004 4096 1165 4169 maxime
1181 4122 1245 4173 cu-
