2709 4659
178 220 265 321 vtt
440 218 710 311 rrougomm
760 216 879 310 capue
894 216 926 287 1.
976 208 1012 313 ς.
1026 162 1095 292 11.

220 394 314 463 Tum
332 384 490 489 humana
505 400 614 465 ‘mem
634 388 776 491 legibue
796 387 982 491 cogitandi
1001 390 1068 493 ipsi
1088 390 1221 467 innatis
1237 390 1319 467 sub-

214 492 328 585 iectu,
354 518 518 593 quaecuu
546 520 592 568 ue
607 493 665 567 vel
680 492 845 567 sensuum
861 518 929 594 ope
943 492 1164 595 perceperit,
1187 494 1245 568 vel
1259 522 1318 571 co·

213 594 386 693 gitatione
404 620 446 671 ac
462 520 695 670 mositatione
710 595 904 697 repererit,
929 595 1098 696 proxime
1113 594 1259 696 quidem
1275 598 1318 671 ad

214 694 358 771 caulam
376 696 534 797 aliquam
551 698 591 770 in
606 697 743 771 mundo
758 695 914 771 sensibus
935 696 1045 771 obvio
1065 694 1124 771 vel
1144 696 1194 771 ad
1211 700 1318 800 origi·

213 824 278 873 nes
289 800 339 872 in
359 800 375 872 i
403 796 437 872 sa
460 814 578 873 mente
598 799 748 874 latentes
769 800 903 873 referre
920 800 1062 900 cogitur
1077 798 1136 898 ⁸);
1169 798 1318 901 ideoque

213 901 335 975 flultaa
357 824 441 975 ell'et
463 888 708 1001 arrogantiae,
739 900 775 985 ¹li
798 898 940 976 causam
964 917 1111 976 eventus
1136 903 1180 994 iu
1203 926 1318 975 nerum

170 1086 174 1093 ,
214 1019 343 1079 natura
360 1001 537 1078 observati
558 1018 620 1077 aut
640 1004 800 1104 origines
819 1028 925 1077 verne
943 1003 1128 1105 religionis
1145 1006 1242 1077 inter
1255 1003 1318 1077 ho-

119 1144 122 1151 *
156 1126 170 1163 ¹·
217 1106 332 1181 minas
360 1103 598 1207 deprehensae
630 1107 670 1179 in
703 1106 843 1179 animae
869 1104 1101 1181 facultatibus
1125 1106 1321 1181 reconditas

216 1236 290 1283 non
305 1208 420 1281 statim
437 1208 680 1311 perspexerit,
704 1232 766 1281 cas
784 1206 928 1309 prorsus
944 1232 1075 1309 negare
1095 1208 1188 1283 velle
1209 1224 1245 1284 et
1265 1208 1319 1283 su-

214 1312 479 1413 pernaturalem
501 1334 544 1385 ac
567 1308 822 1385 miraculosum
844 1324 1012 1383 eventum
1033 1311 1188 1411 fingere,
1222 1313 1318 1387 cuius

171 1494 173 1502 ,
214 1412 507 1514 certauuaedam
522 1428 604 1487 nota
620 1410 852 1495 demonstran·
866 1412 1014 1485 omnino
1028 1414 1156 1513 nequit
1169 1412 1219 1513 θ).
1254 1414 1318 1487 At-

213 1540 285 1615 qua
309 1514 336 1589 fi
360 1516 425 1615 qui
447 1513 547 1609 sunt,
583 1516 669 1615 qui,
705 1520 1095 1611 Supernaturaliamum
1116 1516 1163 1591 lic
1185 1517 1317 1591 dictum

178 1650 180 1661 ·
213 1622 427 1693 rationalem
442 1618 545 1711 tuiti,
566 1616 779 1717 religionem
787 1614 1020 1691 Christianam
1032 1620 1167 1693 rationi
1180 1618 1318 1720 prorsus

237 1718 362 1794 uidem
386 1720 578 1794 convenire
604 1719 787 1814 censeant,
820 1718 935 1793 nihilo
957 1720 1075 1795 minus
1096 1736 1218 1794 tamen
1238 1746 1317 1795 ean·

211 1746 298 1897 ilem
321 1821 581 1923 supernaturali
601 1822 709 1895 modo
731 1821 925 1896 revelatam
945 1820 1012 1897 elsa
1034 1822 1252 1897 contendant
1266 1820 1316 1921 s),

212 1924 243 1999 ii
257 1922 354 2025 leges
371 1922 550 2025 cogitandi
566 1925 676 1997 aDeo
692 1924 769 2024 ipso
784 1920 926 1997 homini
939 1923 1040 1999 (latae
1055 1924 1318 2023 transgrediun-

210 2040 292 2119 tur;
327 2050 413 2101 nam
429 2050 662 2125 quaecunque
678 2025 863 2125 religionis
877 2024 1041 2101 doctriua
1062 2028 1176 2101 menti
1193 2022 1318 2099 hnma-

212 2154 280 2204 nae
297 2130 443 2239 prorsus
458 2128 592 2205 dicitur
608 2129 820 2220 convenire,
850 2152 894 2200 ea
912 2154 960 2200 ex
979 2126 1050 2203 hae
1069 2127 1146 2231 ipsa
1168 2129 1214 2202 atl
1229 2130 1317 2228 leger

211 2232 377 2305 eiusdem
394 2225 659 2305 accommodate
676 2244 858 2330 repetatur
872 2228 1007 2305 necasse
1020 2230 1079 2305 eli.
1129 2236 1318 2307 Praetereo

199 2354 207 2363 ·
265 2358 330 2407 um
346 2334 465 2435 plures
480 2332 663 2431 religionis
679 2332 880 2426 doctrinae,
914 2358 1008 2433 quae
1026 2332 1134 2433 vulgo
1148 2339 1318 2433 pofitivae

210 2358 405 2531 situatur,
426 2434 653 2509 revelationis
668 2433 812 2509 divinae
825 2436 976 2535 eiusque
990 2434 1265 2536 supernaturalis
1279 2461 1317 2511 ac

211 2533 444 2613 miraculosae
456 2536 667 2635 (lignitatem
681 2536 749 2609 fibi
762 2532 1025 2632 affectaverint,
1042 2539 1108 2611 nist
1120 2541 1205 2637 quir
1217 2564 1316 2615 coeco

172 2676 175 2687 ·
211 2639 373 2740 quodem
396 2638 547 2713 arbitrio
573 2637 723 2713 alteram
744 2638 847 2713 alteri
876 2640 1056 2739 praeferre
1077 2640 1166 2713 velit
1173 2695 1184 2734 ,
1226 2641 1317 2713 nulla

212 2740 348 2815 aliaest
372 2741 464 2814 ratio
487 2755 523 2814 et
545 2741 604 2813 via
628 2764 689 2813 eas
708 2741 962 2836 examinandi,
996 2766 1107 2842 quam
1124 2756 1165 2816 nt
1179 2743 1316 2817 illarum

210 2844 345 2947 placita
367 2870 449 2917 cum
472 2843 538 2935 iis,
579 2866 672 2941 quae
694 2842 754 2914 via
780 2842 936 2916 naturali
964 2859 1083 2918 rectae
1106 2846 1257 2918 rationis
1274 2843 1316 2917 ‹le

211 2948 291 3021 Deo
307 2946 455 3045 eiusque
468 2943 650 3017 voluntate
667 2944 731 3045 ipa
749 2944 989 3038 innotuerint,
1016 2944 1209 3045 diligenter
1223 2972 1317 3021 com-

211 3062 343 3153 ponat,
369 3062 404 3121 at
423 3046 469 3119 ad
486 3043 581 3120 hanc
598 3070 761 3119 normam
779 3045 850 3119 fine
865 3048 965 3120 omni
983 3046 1225 3149 superstitione
1240 3048 1316 3122 exi-

211 3166 275 3253 gat
291 3148 339 3248 ⁶).
392 3148 487 3223 Nam
508 3146 574 3248 qui
596 3144 666 3221 hac
688 3172 814 3221 norma
832 3146 872 3221 in
886 3148 1108 3249 exploranda
1124 3150 1316 3251 religionis,

211 3276 307 3353 quae
329 3248 632 3351 supernaturalem
653 3247 690 3323 se
710 3250 917 3350 profitetur,
949 3252 1099 3327 veritate
1119 3253 1176 3325 uti
1197 3253 1317 3326 nolue-

81 3402 93 3424 ,
209 3358 281 3450 rit,
308 3355 343 3429 ei
360 3352 554 3427 verentium
569 3349 672 3445 asset,
697 3378 763 3445 ne,
789 3352 816 3426 li
835 3352 927 3429 sorte
943 3351 1093 3427 daemon
1111 3355 1243 3454 aliquis
1260 3365 1318 3425 aut

133 3554 135 3559 Ι
211 3454 322 3533 homo
339 3456 373 3529 le
392 3458 459 3529 Dei
481 3456 637 3555 legatum
659 3454 889 3555 profiteretur
910 3470 1018 3555 atque
1040 3452 1126 3529 salsa
1150 3472 1212 3530 aut
1227 3456 1318 3529 mala

170 3596 174 3603 ·
211 3586 277 3662 pro
302 3561 396 3633 veris
419 3573 454 3632 et
473 3554 626 3631 honesiis
641 3556 825 3630 venditare
842 3556 1007 3651 auderet,
1037 3557 1168 3658 placita
1183 3556 1316 3631 summo

69 3742 70 3751 g
157 3706 162 3719 ·
211 3665 361 3739 numme
383 3657 626 3760 indignissima
647 3673 818 3757 tanquam
839 3658 886 3733 ab
903 3656 981 3763 ipso
997 3659 1150 3734 revelata
1170 3660 1317 3733 11111011-

210 3767 450 3841 truderentur.
512 3760 609 3854 Quot
638 3761 732 3834 mala
763 3760 939 3855 sacinora,
981 3763 1140 3861 neglecta
1170 3760 1317 3835 rationis

210 3866 369 3959 cultura,
397 3866 545 3939 obtentu
563 3862 719 3937 nominis
742 3879 778 3938 et
799 3864 1025 3939 revelationis
1047 3860 1204 3937 numinis
1225 3864 1318 3935 inter

210 3968 376 4045 homiues
392 3979 531 4069 patrata
547 3967 630 4059 fiat,
648 3964 791 4041 historia
806 3969 968 4069 gentium
983 3962 1126 4039 abunda
1140 3963 1242 4041 dooot
1254 3959 1315 4058 s).

210 4064 382 4155 Accedit,
407 4068 505 4169 quud
521 4069 668 4145 omnino
687 4071 785 4148 11111111
800 4069 989 4161 revelatio,
1014 4090 1128 4178 quae,
1153 4065 1239 4141 ficut
1257 4062 1319 4139 lui-¹
