2709 4659
41 204 45 210 *
128 241 305 316 Demodo
320 173 459 330 sudatio
476 257 542 327 por
565 233 743 327 Christum
757 233 1022 326 consequendae·
1061 233 1134 304 tet

126 409 275 464 Ammon
294 404 480 464 arctarant.
504 403 543 460 ll.
561 401 655 460 liiii·

126 518 232 575 Clam.
251 519 303 574 At.
320 517 424 573 Strom.
449 517 471 571 1.
497 536 524 589 p.
540 513 600 572 att
615 515 649 570 t.
694 471 817 570 Hdnolr
833 510 993 586 ἀνθρώπων
1008 515 1137 580 κεκλη-

91 603 230 676 μένων,
250 605 277 662 ol
293 600 451 660 ὑπακοῦσαι
467 602 648 690 βουληθέντες
665 603 793 671 κλητοὶ
815 595 1034 673 ὠνομάσθησαν,
1057 617 1064 633 ⁸

507 801 541 902 §.
572 807 656 895 157.

105 957 340 1024 Doctrina
374 955 694 1050 ecclesiastico
730 977 825 1023 cum
859 951 1065 1044 epicrisi.
1142 1006 1145 1012 .

121 1105 164 1178 In
179 1105 323 1180 ecclelia
339 1107 537 1182 vocationis
558 1109 675 1202 notio,
702 1132 796 1208 quae
820 1108 1089 1200 appropriatioa
1109 1101 1138 1178 i.

23 1221 194 1306 tanquam
209 1233 298 1307 opus
323 1208 508 1308 peculiare
525 1209 671 1312 spiritui
695 1209 722 1284 l.
747 1208 943 1302 tribuitur,
975 1207 1030 1280 ita
1051 1209 1164 1280 con-'

23 1309 140 1382 stituta
165 1308 251 1404 fuit,
282 1309 442 1384 utactio
468 1311 510 1385 fit
533 1313 680 1413 i'piritus
704 1309 835 1404 lancti,
868 1333 950 1410 quo
973 1304 1139 1382 homines

23 1411 219 1485 invitentur
239 1425 273 1484 et
289 1413 493 1486 excitentur
507 1413 553 1488 ad
573 1411 749 1489 beneficia
764 1439 785 1486 a
802 1409 937 1487 Christo
956 1424 1058 1511 parta
1074 1435 1140 1510 per

23 1513 128 1586 tidem
154 1511 400 1612 consequenda
443 1512 672 1613 (Io.s,15.
716 1509 882 1592 aTheff.
905 1527 940 1604 2,
973 1509 1061 1609 12.)
1083 1509 1138 1609 ⁰]-
1233 1599 1240 1610 .

23 1615 223 1688 Discrimen
264 1613 459 1716 posuerunt
498 1618 594 1692 inter
626 1617 852 1692 vocationem
893 1619 1141 1687 immediatam

23 1714 318 1812 (miraculosam,
362 1716 735 1818 extraordinariam),
774 1716 1005 1820 (cuiusmodi
1029 1713 1140 1790 Paulo

23 1817 189 1917 Apostolo
211 1815 392 1916 contigille
416 1817 629 1921 perhibetur
651 1823 733 1898 Act.
753 1838 788 1915 9,
808 1815 983 1919 1ti.)⁶),
1015 1834 1052 1894 et
1075 1841 1141 1890 vo·

22 1921 200 1992 cationem
216 1919 412 1992 mediatam
434 1919 674 2020 (naturalem,
700 1918 956 2019 ordinariam),
979 1946 1046 2021 per
1060 1944 1142 1993 rer-

23 2021 111 2093 bum
128 2023 196 2094 Dei
219 2035 254 2095 et
268 2021 486 2096 incramenta
511 2024 654 2100 factam.
723 2025 932 2099 vocationis
958 2023 1157 2096 notionem-

23 2123 84 2196 alii
99 2122 200 2195 l'enl'u
218 2124 378 2224 quodam
393 2125 539 2221 latiore,
574 2153 686 2228 quam
707 2153 816 2228 quem
839 2121 928 2201 libri
950 2122 1144 2218 symbolici

23 2223 200 2298 exhibent
214 2224 269 2322 ⁶),
312 2227 584 2324 constituerunt,
619 2231 690 2322 ita,
725 2227 936 2302 atmodum
961 2249 1142 2327 quemque

24 2327 297 2429 complectatur,
330 2355 403 2431 quo
421 2333 517 2405 Deus
534 2329 700 2406 homines
724 2331 770 2403 ad
786 2331 901 2404 animi
921 2328 1143 2403 emendatio—

24 2457 102 2502 nem
127 2430 283 2523 excitat3
326 2457 477 2532 eamque
503 2431 703 2508 diviserunt
735 2435 775 2506 in
800 2435 1007 2530 propriam,
1049 2453 1144 2530 quae

24 2557 103 2604 cum
118 2531 292 2632 religione
308 2535 475 2630 revelata,
502 2550 538 2608 et
551 2541 803 2631 impropriam,
828 2560 920 2635 quae
936 2559 1020 2609 cum
1035 2557 1143 2628 eren-

24 2633 117 2736 tilrus
143 2633 366 2708 naturalibus
386 2653 421 2710 et
446 2637 620 2738 religione
644 2638 803 2712 naturali
821 2637 1011 2712 coniuncta
1026 2636 1069 2708 tit
1085 2632 1140 2734 ὅ).

24 2736 287 2828 Vocationem,
308 2734 409 2812 lenia
432 2739 631 2838 angustiore
650 2739 807 2834 dictam,
833 2742 997 2836 seriam,
1023 2743 1145 2836 effico-

25 2867 114 2922 rem,
141 2839 403 2927 inevitabilem,
429 2839 488 2914 led
503 2845 721 2940 rofistibilem
738 2839 805 2916 elle
822 2840 1079 2919 contenderunt
1093 2837 1143 2940 θ),

25 2968 85 3015 nee
103 2941 226 3014 minus
242 2947 476 3037 universalem
487 2939 550 3043 s).
603 2947 657 3018 De
673 2945 874 3019 vocationis
888 2947 1146 3038 universalita-

25 3061 72 3128 te,
108 3067 226 3144 qnae,
258 3042 307 3115 ab
324 3043 404 3118 aliis
421 3045 491 3118 alio
507 3046 616 3120 modo
635 3045 803 3139 definita,
837 3046 947 3118 variis
968 3045 1144 3146 discepta-

25 3145 182 3219 tionibus
199 3144 320 3218 anlam
336 3145 515 3246 praebuit,
541 3146 611 3222 hoc
627 3147 852 3249 potilfimum
868 3145 1061 3220 tenendum
1078 3147 1143 3221 eli:
1163 3185 1172 3208 ι

26 3249 263 3339 vocationem,
291 3249 356 3320 nili
371 3249 571 3351 improprie
588 3249 767 3344 lumleris,
793 3248 1029 3324 universalem
1047 3265 1144 3324 recte
1223 3277 1227 3292 ·

26 3350 292 3452 rppellarinon
315 3347 423 3451 polle.
490 3353 598 3430 Ratio
622 3354 722 3429 enim
746 3367 782 3425 et
806 3350 1022 3428 conscientia
1046 3350 1145 3454 apud

26 3453 197 3553 plurimos
213 3451 361 3550 quidem
375 3477 501 3526 manca
516 3455 716 3558 reperitur,
754 3453 815 3528 sed
831 3453 971 3527 indoleo
986 3454 1145 3528 eimdem

26 3555 229 3652 ubicunque
247 3577 319 3627 una
341 3553 537 3656 eademque
562 3555 608 3630 eli
632 3555 757 3656 (Rom.
776 3571 812 3649 2,
839 3561 1016 3632 14-16.
1041 3551 1145 3654 26.);

27 3683 60 3731 nc
84 3669 271 3760 praeterea
294 3655 460 3752 docetur,
502 3658 695 3760 gentilium
719 3659 830 3732 etiam
854 3655 1002 3735 salutem
1023 3681 1046 3729 a
1067 3658 1145 3730 Deo

27 3756 260 3856 :urari(Aot.
284 3774 343 3852 to,
361 3769 420 3836 at.
442 3771 500 3836 aa.
543 3775 604 3853 17,
633 3769 814 3838 24-29.
851 3756 982 3834 Matth.
1004 3773 1063 3851 12,
1081 3767 1143 3837 42.
1191 3764 1197 3780 “

27 3861 108 3934 Luc.
132 3875 192 3952 13,
210 3857 293 3957 29.)
308 3863 519 3962 eosdemque
537 3889 557 3935 a
575 3863 712 3936 iudicio
729 3861 852 3936 divino
866 3859 968 3934 haud
982 3875 1146 3944 exemtos

27 3963 95 4036 :bre
114 3959 240 4059 (Rom.
263 3978 296 4054 2,
318 3977 363 4039 12
381 3960 458 4060 ll.)
482 3964 627 4037 Biblico
642 3991 730 4038 vero
744 3961 846 4038 felliu
865 3978 902 4034 et
917 3961 1144 4038 eccleiiostioo
1264 4022 1271 4039 .

28 4065 198 4165 explicata
216 4066 356 4138 vocatio
372 4089 561 4168 perperam
590 4066 727 4141 dicitur
745 4060 966 4138 universalis.
1032 4063 1142 4138 Nam-
