2709 4659
202 248 271 315 ’88
450 187 717 332 Prolegorrwnu.
772 240 934 329 capntl.
985 228 1017 332 ᾗ.
1043 248 1101 313 10.
1199 276 1211 297 ·-

224 426 364 488 etcum
385 414 545 487 numinis
563 412 677 487 divini
698 411 895 494 virtutibus
915 410 1009 485 bene
1029 409 1213 487 concifiari
1234 408 1328 511 polle

225 512 346 615 (quod
356 516 623 613 poffibilitatem
637 516 714 588 eius
728 514 851 590 dicunt
865 518 1019 610 logicam
1025 568 1038 603 ,
1059 516 1329 610 metapbyficam

173 628 176 635 ⁴
225 630 263 689 et
283 614 492 715 moralem),
525 616 761 719 comprobare
783 614 1006 710 studuerunt,
1040 616 1258 716 argumentis
1280 614 1329 688 nli

164 778 167 785 .
225 732 389 798 anautra
406 720 495 815 Dei,
527 716 686 794 hominis
708 733 817 820 atqua
838 744 980 813 rernm,
1005 742 1100 817 quaa
1116 716 1329 808 revelantur,

174 908 178 917 Ι
225 834 262 895 et
276 820 400 914 modo,
420 832 493 923 q'uo
509 818 790 922 cognoscuntur,
811 820 1026 922 depromt'is3
1051 844 1118 893 nec
1132 820 1254 893 minus
1271 848 1329 891 ne-

226 926 414 1021 eeffitatem
430 925 508 998 eius
524 927 723 1021 absolutam
745 948 766 996 e
789 938 938 998 naturae
959 922 1182 1021 rationisque
1202 917 1329 995 huma-

226 1050 315 1118 uae,
348 1051 413 1127 per
433 1027 592 1127 primum
611 1028 814 1127 primorum
833 1021 1024 1098 hominurn
1045 1037 1234 1126 peccatum
1250 1022 1329 1096 fun-

130 1132 132 1137 '
227 1126 322 1201 diuis
338 1128 569 1229 depravatae,
602 1128 784 1204 debilitate
801 1142 836 1201 et
852 1156 873 1203 e
889 1126 1072 1225 religionis
1088 1125 1261 1200 naturalis
1276 1126 1329 1197 in-

226 1226 308 1303 dole
322 1243 359 1302 et
373 1226 532 1304 efficacia
546 1254 674 1305 manca
690 1245 797 1329 atqua
812 1228 1022 1329 imperfecta
1034 1228 1198 1302 evincere
1213 1228 1329 1301 conati

225 1328 308 1405 lunt
323 1328 373 1427 ὁ).
426 1331 522 1427 Alii,
548 1332 629 1407 aliis
644 1332 790 1433 quidem
808 1354 938 1433 parum
953 1330 1151 1404 accuratius
1164 1325 1267 1405 hunc
1281 1329 1329 1402 lo-

227 1456 312 1507 cum
335 1434 591 1527 tractantibus,
632 1432 849 1533 distinguunt
874 1446 975 1506 notas
998 1431 1227 1506 revelationis
1246 1435 1329 1528 sub-

176 1598 184 1613 .
226 1538 375 1607 iectivoo
396 1532 456 1611 lau
478 1540 667 1637 Κριτήρια,
709 1560 864 1635 quorum
892 1560 960 1635 ope
987 1532 1118 1633 aliquis
1147 1534 1329 1632 cognoscat

226 1635 365 1738 tibique
385 1634 613 1739 persuadeat,
645 1638 902 1712 revelationem
918 1661 1001 1709 vere
1019 1636 1087 1710 libi
1106 1635 1240 1710 factam
1256 1634 1329 1728 elle,

152 1774 159 1797 s
228 1753 265 1813 et
287 1754 389 1815 notas
411 1742 617 1825 obtectione,
651 1752 861 1840 argumenta
888 1736 1025 1813 scilicet
1047 1754 1191 1810 externa
1215 1753 1253 1813 ct
1279 1746 1329 1811 in-

229 1856 351 1928 terno,·
383 1839 516 1941 quihus
536 1840 634 1933 aliis,
666 1841 921 1916 revelationem
936 1839 1118 1941 quandam
1133 1864 1218 1915 vere
1241 1840 1329 1914 divi-

121 2004 124 2020 .
150 1956 153 1979 ¹
227 1968 313 2018 narn
333 1940 418 2039 elle,
451 1943 681 2017 demonstrari
701 1942 803 2044 poffit
820 1938 867 2041 ο).
919 1938 979 2017 Ad
1000 1956 1102 2017 notas
1117 1944 1329 2038 subiectiora

225 2044 433 2121 referuntur
452 2046 585 2148 partim
607 2043 725 2119 lenius
744 2042 892 2145 quidam
912 2044 1074 2136 internus
1096 2069 1180 2120 cum
1198 2046 1329 2122 revela-

223 2148 327 2229 ¹tione
348 2148 472 2222 divina
493 2148 723 2239 coniunctus,
751 2146 889 2247 ,partim
906 2144 1003 2221 facta
1018 2161 1054 2220 et
1069 2162 1197 2227 eventa
1214 2164 1329 2222 extra·

229 2249 443 2342 ordinaria,
469 2248 601 2349 quibus
624 2247 669 2321 de
691 2250 842 2322 veritate
869 2248 1097 2323 revelationis
1124 2248 1193 2323 fibi
1220 2250 1329 2325 factae

229 2351 363 2426 certior
375 2350 595 2445 redderetur,
612 2350 672 2424 cui
686 2374 726 2423 ea
742 2349 908 2449 contigit,
932 2365 974 2423 ut
994 2360 1218 2449 θεοφάνειαι,
1240 2358 1329 2451 dyye.

227 2462 270 2531 λο
300 2458 428 2542 dracus,
449 2453 621 2529 vaticinia
636 2468 765 2526 eventu
781 2450 1034 2553 comprobata,
1059 2452 1210 2527 facultas
1225 2458 1329 2529 mira

228 2484 310 2627 culi
332 2554 499 2654 patrandi
518 2571 554 2629 et
573 2551 743 2629 vaticinia
764 2554 911 2646 edendi,
942 2579 1015 2654 qna
1030 2556 1113 2654 quis
1129 2555 1329 2655 praeditum

228 2652 265 2729 le
280 2650 347 2729 elle
363 2653 552 2749 sentiebat3
578 2655 739 2730 adnotes
755 2660 961 2741 obiectione,
980 2671 1240 2755 energumenae
1254 2660 1329 2758 qui-

205 2776 207 2781 ·
229 2754 312 2833 dem
322 2774 491 2859 ‚exterum
516 2758 593 2861 ipsa
608 2758 781 2833 miracula
798 2772 834 2832 et
850 2758 1039 2851 vaticinia,
1064 2758 1112 2831 ad
1127 2776 1329 2858 argumenta

230 2864 371 2941 interna
393 2860 577 2936 doctrinae
599 2859 774 2935 revelatae
799 2860 948 2933 indoles.
1007 2859 1191 2934 Revelatio
1214 2860 1329 2963 luper-

229 2962 401 3036 naturalis
414 2977 564 3037 vocaurr
575 2977 738 3048 externa,
755 2987 852 3063 ,quae
866 2960 1126 3037 mutationibus
1140 2976 1246 3036 extra
1260 2965 1329 3037 ani-

172 3060 176 3065 ’
227 3090 329 3137 mum
349 3060 550 3139 humanum
575 3064 616 3137 in
640 3089 763 3138 rerum
788 3078 916 3138 natura
940 3062 1182 3163 percipiendis
1203 3065 1329 3139 tradita

227 3162 458 3267 perhibetur,
484 3193 516 3241 e.
532 3192 564 3243 c.
582 3166 654 3239 Ex.
673 3181 732 3260 19,
752 3180 797 3241 16
814 3163 875 3258 ll.;
909 3170 1072 3253 interna,
1105 3190 1196 3267 quae
1218 3184 1329 3243 muta·

160 3272 166 3277 '
229 3264 389 3341 tionibus
411 3269 451 3342 in
472 3266 549 3370 ipso
572 3268 694 3341 animo
715 3266 852 3342 effectis
872 3268 1042 3366 contigit,
1074 3266 1329 3365 e.c.Act.10,

233 3366 334 3447 1011.
363 3384 421 3463 11,
440 3378 474 3445 5.
511 3382 648 3463 anst.
684 3366 971 3461 scor-naal.
1024 3368 1183 3444 Omnino
1200 3372 1329 3445 revela-

230 3473 283 3545 tio
298 3470 576 3572 lupernaturalis
591 3496 634 3546 aa
652 3471 865 3545 miraculosa
886 3468 1097 3545 hominibus
1117 3472 1329 3572 pauciffimis

230 3587 371 3647 tautum
386 3570 565 3671 contigille
579 3572 713 3665 fertur3
748 3572 843 3646 unde
857 3572 1007 3674 reliquis
1023 3570 1198 3673 perlualio
1210 3575 1258 3649 de
1273 3600 1329 3648 ve

230 3675 336 3749 ritate
358 3674 436 3749 eius
458 3703 477 3749 a
499 3674 571 3748 l'olo
593 3674 738 3749 illorum
754 3674 952 3760 testimonio
967 3672 1091 3748 afferri
1107 3675 1234 3775 potest,
1261 3702 1329 3777 qun

228 3775 378 3877 quidem
408 3776 650 3876 gravillinrum
684 3774 793 3850 huius
824 3777 1051 3851 revelationis
1084 3794 1329 3877 argumentum

105 3960 112 3966 ,
208 3878 443 3959 continetur.
495 3876 589 3953 Nam
611 3877 710 3979 quod
730 3878 818 3952 addi
839 3877 927 3952 lolet
947 3866 1184 3953 testimonium
1205 3878 1253 3951 ab
1276 3882 1329 3952 in-

228 3996 329 4055 terna
347 3981 504 4081 quadam
518 3981 738 4081 experientia
753 3980 904 4055 ductum
918 3976 974 4078 (§.
988 3995 1046 4056 39.
1062 3977 1115 4077 c.)
1123 4036 1133 4073 ‚
1156 3980 1196 4053 id
1209 3980 1329 4081 luper—

229 4082 426 4183 naturalem
442 4083 667 4159 revelationis
682 4084 859 4184 origntem
874 4080 973 4157 haud
990 4082 1187 4170 confirmat
1227 4083 1329 4158 Ceto
