2709 4659
137 316 150 353 x
254 248 319 319 De.
338 248 416 317 vito
434 244 518 341 post
542 222 693 315 mortem
706 240 906 337 speranda.
1072 254 1144 327 621
1257 334 1260 339 ,

322 381 326 391 ’
504 400 538 518 §.
569 417 654 497 rea
756 514 763 527 .
1112 535 1115 543 .

257 564 262 572 '
379 555 840 657 Epiorisiu,
969 610 1104 629 ,,.

121 722 181 799 Ad
195 722 446 803 diiudicandus.
462 724 542 801 illas
555 720 837 798 sententias.iam
861 720 1063 799 videndum
1077 725 1135 819 eli,
1206 706 1231 743 ⁸

41 824 109 901 ana
125 827 263 901 ratione
277 828 378 921 duce,
404 826 539 927 quibus
556 828 777 931 argumentis
792 828 831 899 in
846 822 1053 900 universum
1069 826 1136 901 do-
1154 821 1180 896 '1

41 932 140 1005 :trina
153 927 199 1003 de
215 929 328 1005 animi
342 928 610 1011 immortalitate
632 943 730 1003 reote
746 927 937 1030 superstrui
952 943 1064 1029 queat
1077 927 1148 1029 ⁰).-

41 1034 53 1106 J.
94 1030 353 1131 Argumentum
385 1036 591 1127 historicum
620 1056 640 1104 e
677 1030 847 1105 consensu
878 1030 1062 1133 plerorum

41 1132 239 1233 topulorum
254 1149 290 1207 et
305 1130 603 1238 philosophorum
622 1134 783 1309 immam
807 1130 1045 1207 hortantum
1094 1160 1135 1207 e-

41 1234 156 1329 derat,
190 1235 364 1311 rationem
394 1232 608 1337 humanam,
639 1234 796 1309 acillime
827 1232 935 1310 evelti
966 1233 1072 1336 polle·
1085 1234 1135 1310 ad

41 1360 120 1410 rano
138 1336 343 1439 opinionem
360 1333 411 1437 ὂ).
462 1338 535 1412 Etfi
559 1352 681 1412 autem
704 1336 871 1432 fuerunt,
896 1337 962 1439 qui
974 1339 1153 1413 immor··¹

43 1437 334 1518 alitatem.animi
354 1440 395 1513 in
419 1438 573 1535 dubium
603 1454 792 1534 vocarent,
819 1439 878 1514 vel
896 1440 1046 1513 omnino
1069 1466 1135 1515 ne-

41 1556 147 1637 garent
162 1539 198 1639 t)
206 1560 232 1634 ,¹
250 1542 400 1631 minime
422 1556 542 1616 tamen
559 1557 754 1646 potuerunt
769 1541 814 1615 de
829 1537 978 1617 interitu
992 1543 1135 1616 animae

41 1656 121 1714 terta
141 1657 249 1742 atque
272 1642 474 1717 indubitata
499 1659 710 1745 argumenta
735 1640 876 1719 afferre.
940 1639 985 1718 II.
1011 1647 1135 1745 Argu·

41 1757 143 1817 nenia
165 1748 416 1840 philosophica
431 1745 531 1821 lunt:
581 1762 612 1823 1.
639 1753 850 1819 theoreticae
891 1780 926 1825 α,
948 1752 1134 1846 νηοίαρΙΨ-

41 1848 113 1931 ἶσα,
139 1870 232 1949 quae
248 1848 370 1921 enims
376 1844 528 1925 humani
540 1849 635 1923 vires
658 1864 766 1949 atque
785 1846 913 1923 effecta
929 1874 1002 1921 non
1017 1877 1038 1923 e
1053 1874 1135 1923 oor-

41 1970 134 2020 rorea
156 1949 314 2049 quadam
336 1949 505 2043 materie,
542 1949 603 2024 led
624 1953 807 2028 exanimi
826 1948 1017 2053 substantia
1038 1950 1134 2031 indi-

41 2048 133 2122 ridua
154 2052 344 2153 omnisque
366 2049 551 2127 solutionis
580 2068 732 2156 experte
762 2052 958 2128 derivanda
981 2051 1048 2127 elle
1070 2054 1135 2128 de-

41 2152 217 2228 nonfrrant
232 2153 291 2248 d);
313 2166 367 2249 ·β.
391 2158 616 2251 teleologica‚
650 2154 803 2230 deducta
822 2156 957 2257 partim
975 2181 1024 2231 ex
1038 2180 1135 2247 ana-

41 2252 119 2351 ogia'
143 2254 330 2357 universae
353 2265 476 2331 rerum
498 2272 668 2352 naturam
700 2258 833 2357 inqua
857 2249 951 2331 nihil
972 2259 1133 2352 interire,
1191 2261 1194 2272 '

41 2380 97 2428 mo
115 2354 255 2460 abipsa
274 2372 390 2433 morte
407 2383 538 2434 novam
553 2362 666 2433 vitam
682 2359 797 2433 ordiri
821 2360 1021 2455 cernimus,
1114 2402 1135 2418 -

41 2458 93 2529 im
115 2472 353 2551 exeocurata
375 2460 675 2563 contemplatione
705 2448 741 2536 iet
761 2462 872 2536 totius
890 2384 1135 2537 admiralii-
1173 2524 1178 2537 .

41 2582 151 2633 nanae
175 2561 222 2635 ad
244 2563 419 2636 maiorem
443 2562 558 2637 indies
585 2562 844 2667 perfectionem
868 2565 1055 2659 enitentis,
1096 2580 1135 2640 et

41 2662 271 2769 ›mniumeius
285 2664 498 2749 facultatum
512 2678 621 2767 atque
638 2664 889 2741 desideriorum
904 2664 959 2765 ‘);
981 2700 1012 2767 y.
1035 2670 1135 2761 tueo-

41 2768 142 2858 'ogico
155 2792 204 2841 ex
222 2764 309 2840 iusta
325 2768 544 2843 etaerauei
557 2768 647 2862 idea,
674 2794 758 2843 cum
773 2770 884 2843 totius
897 2770 1038 2864 mundi,
1052 2784 1132 2844 tum
1175 2790 1182 2797 '

41 2869 215 2945 rominum
232 2870 432 2965 creatoris„
454 2868 710 2945 oonlerratoris
727 2885 764 2946 et
784 2870 1036 2973 gubernatoris
1051 2868 1134 2945 lan-
1149 2898 1153 2910 ·
1195 2932 1199 2935 .

41 2966 184 3065 tillimi,
227 2970 419 3064 instillari,
462 2970 705 3075 benigniffimi
736 2987 773 3075 et
801 2973 1044 3075 sapientiffimi
1067 2965 1148 3049 tle-1

41 3068 243 3173 iromtal);
269 3088 304 3149 2.
326 3078 491 3177 practico
505 3074 566 3149 seu
580 3075 750 3169 moralia,
783 3098 877 3177 quae
892 3076 1051 3151 indolem
1064 3074 1135 3153 ho·

41 3173 133 3248 ninis
148 3174 323 3251 moralem
340 3174 519 3278 spectant,
543 3174 753 3278 praelertim
772 3176 864 3279 legis
877 3180 1024 3253 moralis
1047 3204 1134 3254 con-

41 3272 229 3372 oientium',
267 3302 360 3378 quae
383 3278 528 3353 virtutis
553 3278 706 3353 llutlium
726 3280 767 3352 in
788 3280 970 3379 infinitum
993 3296 1029 3356 et
1047 3306 1135 3358 con-

41 3393 171 3453 ,uotum
198 3379 380 3455 felicitatis
402 3406 487 3455 cum
509 3382 641 3455 virtute
665 3380 948 3483 aequabiliorem
964 3382 1009 3459 in
1021 3383 1134 3464 altera

41 3478 100 3551 rita
114 3481 254 3583 flagitat
268 3480 320 3582 e).
373 3484 442 3557 His
465 3484 705 3583 argumentis,
730 3483 940 3585 praesertim
955 3482 1134 3587 theologi-

41 3580 77 3654 :is
93 3597 128 3656 et
145 3584 362 3679 moralibus,
385 3609 477 3686 quae
495 3609 565 3658 non
582 3586 672 3660 fiout
685 3586 825 3687 reliqua
863 3585 1134 3664 robabilitatem
1189 3652 1194 3661 .
1261 3672 1264 3678 ,

41 3699 185 3782 amum,
220 3684 279 3762 led
296 3686 470 3761 summam
488 3688 597 3762 etiam
612 3686 830 3775 evidentiam
881 3688 1008 3784 abent,
1039 3688 1133 3764 bene

41 3790 250 3879 examinatis,
275 3786 380 3865 facile
420 3790 665 3892 intelligitur„
694 3816 736 3864 ea
770 3797 871 3880 cum
885 3788 1131 3894 scripturael.
1230 3852 1236 3868 Α

41 3893 225 3992 araeceptis
248 3890 458 3991 purioribus
484 3908 593 3993 atque
619 3892 897 3995 simplicioribus
918 3894 1024 3969 valde
1044 3920 1134 3969 oon-
1195 3980 1205 3989 ‚

41 3996 152 4087 gruere
166 4009 202 4067 et
218 3990 307 4074 haec
327 3991 548 4097 potiffimum
568 3992 766 4072 affirmare:
796 4001 960 4091 primum
982 3994 1134 4071 arctiffi·

41 4117 82 4167 ne
98 4092 286 4171 cohaerere
302 4093 396 4173 hano
412 4100 525 4175 vitam
542 4122 626 4173 cunr
647 4096 791 4195 futuru,
816 4098 888 4193 ita,
911 4113 955 4175 'ut
974 4097 1064 4174 haec
1085 4096 1134 4172 il-
1200 4187 1203 4193 ¹
1267 4166 1293 4187 ,,
