2709 4659
203 238 274 305 424
428 235 521 302 Para
545 234 615 300 ΙΙΙ.
669 234 755 323 Cap.
783 232 831 301 ΙΙ.
885 223 916 324 §.
942 244 1023 305 131.

272 401 357 461 idem,
375 402 447 473 quod
463 418 573 471 regnare
586 418 649 453 cum
665 401 726 453 Deo
739 410 823 471 patre.
859 400 929 453 Nam
944 396 1064 455 Christus
1084 400 1174 456 adhuc
1191 400 1286 469 donner,

274 482 393 553 regnavit
407 499 536 535 unacum
552 490 626 552 patre
641 480 771 552 et'spiritu
785 478 805 534 s.
820 480 854 533 ab
867 490 992 546 aeterum
1014 500 1072 535 non
1085 490 1178 545 morea
1192 492 1248 536 tunc
1258 481 1288 535 se·
1333 487 1334 559 i

272 565 311 617 dit
324 565 357 618 ad
372 565 489 620 dextram
503 566 569 628 Dei,
579 613 583 621 ,
593 566 659 620 haec
678 568 758 620 enim.
773 564 847 620 sessio
861 568 953 639 coepit
969 568 1089 639 primum
1103 588 1120 622 a
1133 578 1246 641 tempore
1257 588 1289 621 u·
1333 562 1334 601 ³

272 650 412 706 astationir.
448 650 529 705 Sedet
540 651 575 705 ad
588 650 707 707 dextram
722 672 774 724 qua
790 648 875 723 ,λόγος
892 652 1025 723 ἔνσαρκος
1042 650 1063 705 s.
1080 650 1147 707 chr.
1167 646 1290 719 verinopo-

272 732 357 792 πος.”
381 720 423 789 Cf.
436 734 558 805 Knapp
571 732 677 804 Scripta
690 734 754 787 rarii
770 734 928 805 argumenti.
948 732 1134 787 commentat.
1148 730 1183 785 ss.
1201 732 1240 787 De
1250 732 1290 786 lesu

273 814 339 870 chr.
353 816 388 868 ad
402 816 519 871 dextram
534 817 584 871 Dei
597 816 710 873 sedente.
737 818 826 873 EM.
850 818 883 873 is.
900 818 975 873 1828.
1000 838 1029 889 p.
1043 818 1081 871 41·
1093 816 1124 871 ff.
1163 816 1290 891 (Quidquid

210 957 214 962 ,
272 902 471 967 antefacta,
494 903 521 955 in
540 902 620 957 vitam
640 904 763 967 reducis,
788 906 943 976 potestatem
964 904 1180 974 dignitatemque
1201 904 1291 973 regrina

184 1009 193 1032 r
271 985 404 1057 huiusque
417 986 558 1055 ἐνέργειαν
574 986 672 1052 (Marc.
688 988 727 1049 16,
745 989 785 1041 19.
804 990 859 1057 20.)
874 987 981 1058 spectat,
999 987 1026 1039 id
1039 986 1162 1041 formula
1176 986 1227 1049 isia,
1240 988 1290 1057 epod

273 1070 400 1124 ioannem
417 1088 473 1123 non
485 1072 580 1135 obvia,
597 1072 806 1141 comprehendi,
825 1074 958 1141 docetur.)

664 1240 714 1341 i·
747 1251 830 1320 131.

559 1384 596 1448 Ε
617 1408 641 1471 p
669 1386 683 1448 i
709 1408 726 1449 c
753 1409 771 1449 r
798 1386 812 1450 i
829 1387 860 1473 s
880 1385 893 1448 i
918 1410 968 1501 a,

306 1527 512 1604 Secundum
531 1531 714 1630 evangelia
736 1532 806 1605 tria
829 1532 949 1632 priora
970 1558 1012 1604 eo
1032 1544 1175 1604 tantum
1193 1528 1294 1603 condi·
1336 1587 1337 1667 ,

206 1630 258 1703 tio
274 1627 349 1708 iesu
365 1628 491 1705 cinito
507 1633 675 1708 terrestris
690 1634 868 1707 immerita
891 1649 926 1705 et
947 1633 1132 1731 indignior
1155 1632 1226 1705 dici
1245 1654 1293 1731 po

206 1730 287 1824 tesi,
312 1732 411 1832 quod
427 1736 560 1834 partim
575 1734 733 1811 docendi
751 1761 880 1809 munus
902 1735 995 1808 inter
1016 1732 1193 1807 molestias
1212 1758 1294 1805 aero-

129 1871 133 1880 ·
204 1858 379 1935 mnasque
401 1836 530 1910 multas
551 1832 653 1935 gessit
673 1852 781 1938 atque
798 1836 845 1911 ob
861 1837 1093 1910 inimicorum
1115 1834 1255 1914 iusidias
1269 1848 1295 1905 et

206 1939 433 2030 vexationes,
466 1938 665 2025 amicorum
688 1964 773 2013 vero
793 1940 1001 2013 coecitatem
1017 1952 1054 2011 et
1071 1935 1294 2011 oscitationem
1337 1953 1338 2003 t

33 2140 37 2147 .
147 2060 150 2062 ’
206 2036 404 2137 plurimum
427 2066 556 2158 operae
576 2040 756 2141 perdidit,
797 2042 929 2143 partim
951 2041 1079 2133 etiam,
1122 2038 1223 2140 quod
1248 2062 1295 2137 per

206 2138 381 2214 malitiam
405 2157 441 2213 et
467 2142 642 2217 invidiam
669 2141 953 2217 adversariorum
981 2140 1121 2216 crudeli
1149 2166 1192 2215 ac
1219 2138 1295 2237 turpi

205 2237 379 2340 supplicio
398 2240 558 2336 affectus,
584 2242 741 2318 desertus
761 2244 1004 2336 abomnibus,
1029 2248 1126 2319 inter
1144 2238 1295 2316 atrocissi-

206 2368 285 2415 mos
300 2342 440 2418 dolores
455 2346 676 2443 etgraviores
694 2348 805 2419 animi
822 2346 1074 2421 sollicitudines
1088 2346 1189 2418 vitae
1204 2342 1295 2417 hone·

90 2514 98 2523 .
205 2441 365 2519 ffiffimae
380 2461 604 2545 praemature
624 2464 766 2548 ereptus
781 2448 933 2548 ideoque
947 2474 994 2521 ex
1008 2447 1239 2520 inimicorum
1251 2470 1295 2519 ea·

206 2544 344 2620 sumnia
359 2550 524 2622 meritam
534 2549 695 2623 criminis
703 2575 855 2650 poenam
862 2552 958 2623 suere
968 2546 1063 2625 visds
1071 2548 1119 2623 esi
1127 2548 1183 2648 ⁰).
1211 2544 1296 2640 Quod

120 2736 130 2753 ι
188 2646 192 2651 ’
208 2673 293 2721 vero
307 2649 353 2722 ad
363 2650 495 2724 uatum
510 2652 749 2753 gloriosorem
765 2651 842 2725 Iesu
857 2651 984 2725 Christi
999 2652 1140 2744 attinet,
1157 2650 1296 2725 iudicem

209 2746 413 2849 aequumne
427 2754 645 2853 roiperitum
661 2752 750 2845 haec
765 2770 973 2853 argumenta
989 2754 1138 2827 minime
1155 2752 1295 2851 fugient:

209 2858 376 2927 Primum
391 2854 518 2928 frustra
531 2856 571 2928 in
584 2854 688 2929 libris
696 2852 735 2928 ss.
750 2857 934 2955 quaeritur
947 2856 1121 2956 dogmatis
1132 2854 1181 2929 de
1190 2852 1298 2928 chriti

209 2952 311 3029 abitu
334 2954 383 3030 ad
403 2956 539 3031 inferos
560 2982 609 3031 ex
630 2947 863 3058 opinionibus
882 2957 1034 3032 Iudaicis
1060 2954 1253 3031 illustrandi
1269 2951 1296 3049 ὂ)

209 3059 308 3131 notio
324 3058 566 3133 edacioribus
580 3058 983 3152 ecclesiasticissaccita3
1016 3063 1145 3131 deinde
1162 3058 1216 3131 nis
1230 3082 1297 3131 oon-

211 3156 272 3232 stat
287 3186 335 3237 ex
349 3160 479 3234 iisdem
494 3159 539 3235 de
554 3186 703 3261 corpore
718 3160 898 3235 christiin
914 3164 1026 3234 vitam
1040 3161 1193 3235 restituti
1207 3157 1297 3259 glori·

133 3340 137 3343 .
209 3258 315 3333 ficato
338 3260 445 3360 (Luc.
465 3271 524 3356 24,
545 3274 601 3339 to.
627 3278 687 3339 80.
711 3276 758 3340 39
774 3262 812 3337 ss.
846 3260 1150 3362 10.2o,25.)⁶),
1190 3286 1297 3361 quam-

211 3363 267 3435 vis
290 3388 410 3436 omnes
432 3363 508 3439 fere
529 3362 750 3441 consentiant
779 3368 819 3439 in
843 3366 1084 3440 confirmanda
1112 3364 1297 3439 narratione

212 3460 257 3539 de
271 3461 349 3537 Iesu
367 3466 484 3557 reditu
503 3468 542 3539 in
557 3468 668 3541 vitam
685 3466 746 3565 ὦ),
774 3467 838 3567 qui
852 3492 873 3539 a
889 3469 983 3557 Deo,
1009 3482 1158 3539 naturae
1175 3463 1298 3539 cursum

212 3590 424 3667 rerumque,
457 3570 656 3669 exquibus
671 3570 807 3644 victrix
822 3568 898 3643 Iesu
919 3566 1022 3642 causa
1042 3568 1232 3671 penderet,
1260 3564 1299 3639 so

186 3668 303 3741 triam
322 3667 570 3771 sapientissime
589 3672 814 3766 moderante,
845 3686 941 3747 recte
958 3672 1131 3771 repetitur
1146 3668 1205 3767 0);
1238 3683 1298 3737 tna

213 3769 284 3844 alio
301 3772 407 3846 modo
424 3797 444 3844 a
460 3773 593 3866 Marco,
608 3774 679 3846 alio
695 3776 828 3849 aLuca
841 3772 995 3845 traditur
1003 3771 1080 3845 Iesu
1096 3796 1115 3843 a
1132 3766 1300 3871 discipulis

213 3870 397 3965 discessus,
423 3876 608 3975 omnisque
630 3872 720 3949 haec
736 3875 907 3964 narratio,
941 3872 1117 3948 anemine
1134 3870 1301 3973 Aposiolo

215 4000 294 4047 rum
320 3975 544 4069 confirmata,
583 3976 736 4076 speciem
763 4000 848 4077 prae
877 3973 912 4049 se
939 3975 1008 4051 sert
1035 3970 1175 4071 mythi,
1218 3974 1301 4047 cuius

219 4076 378 4177 psoram
394 4102 481 4151 aevo
496 4078 697 4178 antiquiore
719 4078 945 4179 reperiuntur
961 4076 1124 4177 exempla
1142 4073 1210 4175 s),
1235 4074 1300 4175 qui-
