2709 4659
49 1793 54 1801 ,
93 1783 103 1795 -
188 1731 445 1836 supraelibnis
459 1728 496 1804 ff.

186 181 269 314 ssa
313 305 316 312 ,
402 233 524 345 'nm
548 233 619 302 111.
671 175 854 324 cas-dt.
906 223 939 325 §.
959 241 1042 306 1⁶⁵.

156 425 158 432 '
191 408 276 500 tint,
301 403 487 482 conciliari
501 403 640 508 poliunt
654 397 710 502 (b
730 417 788 480 22.
805 401 869 502 a).
920 404 1106 478 Praeterea
1123 405 1295 480 neminem

191 509 285 610 sugit
306 507 579 607 intelligentem
611 505 806 580 fervidiore
829 504 926 580 hanc
952 506 1163 600 sententiam
1175 510 1296 580 tuendi

192 625 228 686 et
242 610 442 704 accuratius
466 602 700 684 constituendi
716 606 828 680 studio
848 607 985 681 factum
1007 603 1074 681 effe
1084 666 1096 703 ‚
1125 615 1167 682 ut
1182 607 1295 682 homi·

81 717 88 734 ⁸
191 739 256 788 nes
287 711 333 786 ad
365 711 485 790 varios
522 709 793 812 prolaberentur
829 735 967 786 errores
997 735 1118 789 verae,
1134 711 1295 810 religioni

190 839 303 934 quam
317 814 477 888 maxime
490 814 631 886 noxios.
683 811 794 886 Multi
816 813 914 885 enim
929 811 1295 890 founulamiuffifiea-

190 917 298 991 tionis
319 915 494 988 forensem
519 912 748 988 defendentes
760 937 834 986 non
847 913 962 986 scium
974 915 1120 988 viantis
1135 915 1294 1008 studium,

189 1019 261 1092 [ine
277 1043 350 1124 quo
365 1017 462 1116 nulla
476 1013 620 1118 prorsus
638 1012 711 1090 effe·
720 1013 830 1117 potest
843 1040 927 1090 vera
945 1016 1070 1116 religio
1093 1014 1245 1116 (Matth.
1265 1032 1294 1111 7,

194 1136 252 1199 1⁶.
281 1125 551 1214 asae-so
577 1126 706 1222 eahae
723 1115 762 1192 ff.
796 1117 911 1192 Marc.
932 1133 990 1210 12,
1015 1133 1076 1195 sa.
1110 1119 1191 1194 0011.
1213 1121 1293 1196 110.

192 1235 281 1318 Μ.
307 1223 373 1298 En.
389 1221 440 1296 Io.
457 1229 493 1315 4,
521 1217 625 1320 24.),
660 1217 942 1314 contemserunt,
974 1220 1049 1294 imo
1073 1221 1294 1322 damnarunt,

189 1326 315 1398 venum
327 1323 438 1398 etiam
454 1347 559 1396 omne
574 1321 737 1396 hominis
750 1319 940 1396 Chrituani
949 1321 1118 1396 'officium
1133 1325 1183 1398 ad
1193 1325 1294 1397 fidem

134 1433 137 1438 ’
190 1427 233 1501 de
250 1424 327 1500 Iesu
350 1425 488 1499 meritis
511 1421 712 1500 historicam
734 1423 940 1523 nudamque
961 1449 1086 1498 eoram
1100 1431 1293 1527 perceptio

188 1554 272 1621 nem
291 1521 399 1630 prada
421 1538 635 1604 revocarunt
653 1522 709 1625 ⁰).
767 1525 899 1622 Quodfi
921 1551 1007 1600 vero
1031 1527 1072 1600 in
1091 1529 1155 1602 nm
1182 1528 1293 1604 liciori

188 1630 251 1706 illo
267 1627 449 1706 doetrinae
464 1643 553 1730 typo
568 1628 613 1702 de
630 1627 735 1703 venia
745 1642 982 1802 gaesatorum
997 1555 1212 1724 obtinendi,
1236 1635 1292 1730 qni

540 1729 745 1832 ropoiituse
785 1724 839 1827 (d
858 1728 1291 1830 137.)‚.acqoieverimns;

51 1873 53 1878 .
131 1823 138 1833 ’
187 1835 364 1938 dogmatis
392 1831 440 1906 de
471 1757 716 1908 indificatione
742 1830 901 1938 summa,
942 1832 1074 1907 omiffis
1107 1835 1290 1934 quibusvis

119 1963 127 1990 =
187 1937 349 2012 formulis
371 1931 785 2036 anthiopomorphistiois
806 1933 853 2007 de
872 1947 955 2008 actu
977 1935 1136 2036 quodam
1153 1939 1225 2010 Dei
1242 1937 1289 2010 so-

187 2041 295 2132 renii,
329 2037 373 2112 de
396 2035 634 2114 satisfactione
659 2037 738 2139 Deo
758 2033 922 2140 praedita
944 2020 1011 2130 ab,
1038 2063 1086 2110 ex
1109 2037 1190 2140 ipsa
1212 2038 1290 2113 seri-

162 2231 165 2236 ·
188 2157 294 2244 ptum
311 2139 336 2213 s.
347 2137 400 2232 ad
417 2138 552 2214 hancce
570 2136 782 2224 sententiam
796 2133 909 2226 redit:
942 2137 1117 2214 Homines
1141 2143 1291 2222 nontin

117 2311 118 2314 ,
187 2242 282 2343 gulis
297 2239 511 2341 quibusdam
532 2255 630 2314 recte
644 2239 749 2314 factis
764 2239 1006 2342 operibusque
1029 2243 1208 2344 operatis,
1234 2271 1290 2318 nee

188 2357 333 2446 propter
353 2341 522 2414 meritum
543 2341 726 2441 quoddam
749 2343 796 2415 iis
819 2340 1109 2436 attribuendum,
1144 2343 1206 2419 fed
1226 2345 1291 2420 sola

129 2531 137 2546 ·
187 2471 271 2521 vera
287 2443 357 2518 fide
371 2444 397 2519 i.
413 2468 445 2517 e.
469 2447 589 2516 animo
614 2441 661 2517 ad
685 2441 815 2518 Christi
836 2443 1291 2550 exemplumeitudemqoe

114 2635 135 2650 ,η
187 2560 377 2652 praecepta
391 2543 580 2646 compotita
604 2557 639 2619 et
659 2545 706 2619 ad
722 2547 840 2620 Deum
860 2545 1112 2621 l'anotissimum
1131 2574 1175 2624 ae
1195 2549 1291 2627 beni-

186 2647 390 2748 gniffim'um
415 2645 601 2741 converso,
643 2673 717 2747 quo
743 2648 869 2748 omnia
890 2651 1045 2749 cogitata
1068 2650 1111 2724 ”et
1132 2651 1229 2726 facta
1251 2653 1291 2726 ad

186 2755 304 2826 Deum
335 2751 484 2849 eiusque
516 2748 734 2848 voluntatem
765 2747 1016 2824 'sanctiffimam
1052 2754 1112 2854 pie
1142 2757 1291 2829 referant

187 2849 240 2955 (ᾗ.
260 2849 318 2952 2.)
335 2849 405 2949 (Io.
428 2859 464 2943 4,
481 2863 541 2926 28.
561 2860 619 2926 24.
643 2851 725 2926 Act.
740 2865 803 2950 ,¹⁰²
819 2851 921 2950 sd),
947 2854 1023 2925 Deo
1039 2880 1123 2928 vere
1139 2857 1292 2958 probau-

91 3044 97 3049 ,
185 2977 246 3031 tun
259 2969 294 3030 et
306 2953 573 3028 benevolentiae
592 2951 733 3026 divinae
751 2953 871 3026 confisi
887 2954 947 3055 l'pe
962 2954 1142 3030 beatitatis
1156 2959 1291 3034 futurae

16 3063 17 3072 ’
93 3091 98 3100 ’
186 3083 253 3160 pro
269 3056 442 3156 dignitate
458 3050 617 3156 ipsorum
632 3055 761 3128 morali
775 3055 822 3128 iis
844 3055 1087 3130 concedendae
1107 3061 1289 3135 eertiffima

100 3156 104 3167 ’
184 3149 398 3236 imbuuntur
411 3154 460 3256 ὅ).
513 3153 638 3255 (Rom.
659 3171 693 3251 2,
715 3152 774 3255 6.)
825 3157 1291 3238 Veruntamen-conscientia

184 3275 323 3336 tantum
340 3257 463 3358 (Rom.
483 3273 518 3351 2,
542 3267 599 3334 16.
620 3271 677 3338 16.
720 3257 799 3332 Gal.
817 3273 852 3352 6,
874 3257 940 3358 4.)
963 3260 1009 3347 de
1034 3263 1215 3338 eiusmodi
1238 3267 1290 3340 in

183 3357 390 3439 stificatione
406 3361 571 3434 certiores
584 3359 664 3433 fieri
683 3357 842 3462 poliunt3
876 3360 912 3437 et
961 3388 1008 3435 uo
1029 3363 1241 3464 diligentins
1253 3393 1288 3442 ao

183 3463 381 3564 religiofius
404 3465 444 3536 in
467 3462 587 3535 animo
612 3461 834 3536 emendando
855 3479 891 3537 et
909 3387 960 3561 ⁸ad
982 3466 1100 3539 Deum
1122 3469 1186 3568 pie
1208 3495 1288 3544 eon

184 3566 353 3642 vertendo
369 3564 551 3638 elaborare
566 3567 812 3664 perrexerint,
846 3591 889 3639 eo
910 3567 1026 3667 magis
1045 3569 1225 3669 peribafio
1248 3571 1287 3644 de

184 3673 263 3746 Deo
283 3669 434 3744 studium
453 3664 615 3768 ipsorum
641 3667 864 3769 approbante
887 3668 1046 3767 illudque
1068 3670 1162 3744 sorte
1188 3673 1285 3747 beata

184 3773 305 3848 fauna
337 3768 437 3842 haud
464 3767 654 3867 indignum
685 3770 866 3844 iudicante
898 3770 989 3842 laeta
1023 3772 1143 3872 capiet
1174 3775 1286 3850 inere

186 3887 314 3948 menta.
361 3873 532 3946 ‘Ceterum
546 3869 709 3944 doctrina
724 3871 769 3944 de
785 3869 1028 3946 iustificatione
1042 3873 1118 3946 iam
1132 3879 1286 3978 expetita

73 3993 76 4004 ¹
186 4002 259 4049 non
274 3977 391 4048 miuus
406 3997 517 4072 quam
531 3971 685 4044 formula
706 3974 784 4045 eius
792 4029 803 4066 ‚
836 3973 1043 4047 doctoribus
1056 3975 1285 4054 eoolefiasticis

188 4078 273 4151 olim
297 4075 466 4188 probata,
499 4071 689 4176 quibusvis
712 4075 922 4150 commentis
945 4075 991 4148 de
1004 4079 1111 4152 venia
1127 4099 1286 4181 peecato-
