2709 4659
71 226 129 297 m
146 227 270 341 noim
285 207 620 321 upsalensem.
632 207 833 317 pernen.
844 228 1073 319 warennae.
1093 230 1186 303 ns

311 448 338 471 -.
446 404 452 423 ¹
495 404 583 513 s
613 420 698 492 127.

91 548 535 623 continuatim-s-
579 554 650 622 De
683 554 1154 653 communicatione

161 671 167 683 '
463 654 787 726 idiomatum.

61 871 66 882 .
171 800 202 885 E
223 808 474 881 communione
494 820 704 881 naturarum
724 804 884 907 sequitur
903 806 1174 891 comniunicntiu

68 909 307 994 idiomatum,
331 905 370 982 h.
387 934 418 982 e.
433 932 476 982 ea
492 923 700 983 naturarum
718 910 758 982 iu
773 907 908 983 Chrilio
924 912 1069 1004 relatio,
1084 930 1087 937 '
1101 934 1174 1011 qua

66 1022 225 1108 utraque
247 1009 306 1101 id,
345 1008 443 1110 quod
465 1010 609 1083 alterius
633 1003 822 1113 proprium
844 1010 907 1104 ott,
941 1012 991 1086 ita
1013 1010 1173 1114 poffidet,

67 1112 126 1184 uti
140 1137 205 1211 per
219 1108 399 1185 essentiam
414 1114 489 1185 eius
507 1112 587 1184 lieni
604 1114 712 1214 potell
728 1110 781 1211 ⁰).
834 1113 900 1187 Cui
925 1115 1062 1188 notioni
1082 1114 1186 1203 ube-

65 1213 145 1287 rius
167 1212 402 1314 explicandae
429 1210 613 1287 adhibitae
640 1212 719 1287 lunt
743 1204 994 1311 prdpositiones
1017 1222 1174 1289 idiomu-
1251 1216 1256 1223 “

67 1319 182 1399 tiene,
206 1340 361 1415 quarum
377 1316 444 1388 triu
461 1330 647 1389 numerent
662 1342 793 1415 genera
810 1316 869 1391 seu
886 1318 1033 1393 totidem
1048 1320 1174 1393 modos

62 1411 227 1496 diversos
249 1416 493 1491 confiderandi
512 1419 870 1493 communicationem
894 1418 1106 1495 idiomatum
1121 1419 1172 1520 ὖ).

5 1510 10 1522 ’
66 1520 97 1594 L
126 1520 248 1594 Genus
271 1524 520 1617 ίδιοπνιητικόν
542 1544 602 1592 eos
628 1520 880 1620 complectitur
908 1522 1176 1623 propositiones,

66 1619 205 1723 quihus
227 1618 398 1693 idiomata
423 1636 630 1693 naturarum
647 1621 819 1696 dicuutur
838 1622 883 1695 de
904 1635 1069 1699 tunneto
1091 1650 1177 1725 per-

67 1722 175 1795 sonae
193 1720 252 1794 vel
270 1735 436 1815 naturae,
469 1737 504 1795 et
529 1736 599 1795 tres
621 1718 732 1797 hahet
754 1722 906 1825 speciest
943 1739 976 1799 t.
995 1730 1175 1817 ἀντίδοσιν,

67 1824 97 1900 i.
107 1842 143 1897 e.
159 1823 433 1925 propositiones,
451 1822 586 1921 quibus
601 1824 644 1897 de
658 1839 730 1898 tota
747 1824 895 1925 persona
911 1826 1048 1927 aliquid
1062 1850 1176 1901 ennn-
1289 1885 1291 1889 .

68 1927 200 2017 tiatur,
232 1924 330 2025 quod
354 1924 515 1997 alterutri
539 1942 686 1999 naturae
705 1929 892 2026 convenit,
915 1954 952 2005 v.
968 1954 1000 2003 c.
1018 1924 1175 2003 Ghrillus

67 2025 186 2129 pallus
202 2025 249 2099 eli
266 2025 376 2124 (Luc.
396 2030 456 2119 st,
475 2025 576 2125 26.);
613 2042 647 2102 2.
670 2034 845 2113 κοινωνίαν
864 2040 931 2106 τῶν
950 2035 1073 2120 θείων,
1096 2028 1123 2105 i.
1139 2056 1174 2107 e.

67 2129 348 2221 enuntiationes,
381 2152 475 2228 quae
490 2128 536 2201 de
551 2142 717 2203 concreto
733 2134 879 2204 naturae
891 2126 1069 2205 humanae
1089 2154 1176 2233 pro-

68 2232 258 2334 prietatem
275 2230 485 2331 pnoedicant
498 2244 645 2304 naturae
659 2231 820 2326 divinae,
846 2258 880 2307 v.
900 2236 931 2307 'c.
948 2228 1045 2307 Iesus
1059 2250 1177 2309 aeter·

69 2360 140 2409 nus
156 2330 289 2431 antio
309 2347 420 2424 3,11.
455 2330 585 2407 Matth.
604 2349 639 2425 9,
656 2330 733 2429 6.);
777 2346 811 2409 8.
834 2338 1063 2431 ίίιοποίησιν,
1093 2335 1121 2411 i.
1138 2362 1172 2413 e.
1245 2350 1256 2363 ’

70 2434 236 2537 phrases,
267 2435 306 2507 iu
322 2434 454 2533 quibus
463 2437 660 2529 subiectum
674 2436 720 2509 ell
737 2450 941 2509 concretum
955 2449 1101 2511 naturae
1116 2436 1179 2511 di·

70 2562 189 2629 vmae,
210 2542 458 2631 praedicatum
473 2537 606 2610 idioma
619 2535 797 2610 humanae
811 2550 968 2627 naturae,
983 2561 1019 2611 v.
1031 2560 1063 2613 u.
1078 2537 1176 2613 lilius
1294 2560 1297 2568 “

69 2624 142 2713 ini
165 2639 211 2712 eli
233 2638 332 2711 cruci
353 2625 497 2712 affixus.
524 2638 565 2737 (1
583 2639 664 2713 Cor.
688 2654 723 2731 2,
742 2636 799 2736 8.)
854 2637 899 2711 11.
926 2636 1064 2714 Genese
1086 2665 1176 2737 upo-

74 2746 288 2814 teleematico
305 2765 367 2813 eae
383 2740 611 2813 continentur
631 2740 903 2841 propassiones,
936 2738 1068 2839 quihus
1086 2764 1177 2843 apo-.

73 2844 254 2918 telesmata
283 2840 317 2920 l„
333 2844 489 2916 actiones
514 2842 560 2916 ad
587 2868 676 2941 opus
703 2833 952 2915 metliatorinm
979 2838 1177 2943 spectantes
1311 2892 1313 2897 ·

73 2945 284 3021 tribuuntur
299 2942 335 3041 ⁶)
361 2960 392 3019 1.
410 2944 467 3017 vel
480 2945 550 3017 toti
568 2939 754 3043 personae,
788 2972 824 3017 v.
842 2968 873 3017 c.
890 2941 1045 3019 Chrillus
1065 2972 1131 3021 nos
1153 2938 1182 3025 α’
1314 2964 1316 2973 ’

72 3072 187 3149 poena
203 3047 292 3146 legis
306 3044 474 3120 liberavit
490 3043 589 3144 (Gal.
609 3050 643 3138 3,
664 3042 764 3143 ts.);
800 3062 833 3123 11.
851 3043 908 3119 vel
924 3060 1178 3129 concretum-

71 3167 175 3225 turae
196 3150 359 3241 divinae,
393 3174 426 3221 v.
452 3172 485 3223 c.
507 3147 604 3223 lilius
627 3148 696 3221 Dei
717 3150 755 3221 in
779 3148 883 3225 terris
910 3150 1097 3249 appamit,
1135 3166 1177 3229 ut
1273 3168 1275 3173 ’

72 3267 218 3355 peccata
234 3250 359 3323 mundi
372 3248 511 3324 tollsrct
527 3248 568 3348 (1
584 3249 635 3323 Io.
651 3265 685 3341 1,
703 3246 780 3348 8.);
809 3263 843 3324 δ.
861 3248 917 3321 vel
932 3268 1097 3325 concreto
1111 3279 1177 3329 na·
1301 3251 1302 3260 ’

74 3370 177 3429 turae
198 3351 395 3444 humanae,
427 3378 462 3424 v.
481 3378 513 3427 c.
535 3350 644 3425 homo
663 3348 757 3425 lesus
773 3352 849 3424 Deo
871 3348 990 3425 salutis
1012 3354 1176 3444 omnium

33 3472 37 3478 “
70 3452 179 3530 caula
213 3472 385 3553 tanquam
421 3454 612 3552 pecuniam
647 3452 899 3545 redemtoriaun
917 3448 1007 3527 sese
1043 3454 1176 3532 obtulit
1307 3482 1314 3491 ·

97 3559 226 3635 tTim.
245 3572 278 3650 2,
297 3554 365 3653 6.).
416 3554 477 3628 ΠΙ.
496 3556 618 3630 Genus
635 3560 893 3653 maiestatiettm
908 3552 933 3629 s
954 3562 1177 3654 αι’νχηματικόν

154 3665 291 3748 donata,
312 3664 506 3751 βελτίωσις,
529 3661 683 3746 ὀόξασις,
704 3654 946 3755 ineptissimum)
964 3656 1070 3731 effata
1087 3683 1176 3732 cuu-

35 3838 41 3849 ,
69 3766 180 3853 tinet,
206 3762 340 3861 quihus
354 3759 400 3829 de
415 3757 586 3831 abstracto
602 3771 747 3831 naturae
764 3756 941 3831 humanae
965 3760 1188 3863 praedicau-¹

69 3880 133 3940 tur
145 3864 317 3937 idiomata
335 3874 480 3934 naturae
494 3858 639 3933 divinae
652 3854 887 3958 (ἁῦχήματα),
913 3886 947 3933 v.
964 3885 994 3933 c.
1016 3858 1175 3937 humana

67 3966 200 4042 Chrilli
223 3980 349 4037 natura
371 3960 416 4034 ell
438 3960 628 4054 omniscie,
661 3964 924 4063 omnipraesens
943 3959 1093 4059 (Muth.
1112 3977 1173 4058 28,

71 4087 130 4151 18.
155 4084 217 4147 2⁰.
242 4065 337 4143 Phil.
356 4060 604 4163 2,'9-·11.);
637 4064 774 4149 ettales
790 4064 1064 4166 propositiones,
1096 4064 1191 4169 ipso,
