2709 4659
59 276 126 343 De·
142 274 266 343 <livino
285 276 361 370 inst.
373 226 619 386 ‚salutatum
635 280 740 367 perI.
752 279 833 347 cur.
849 285 1077 377 reparandae.
1105 286 1179 353 tet

139 442 273 508 efficeret,
297 443 383 498 lesum
397 444 460 501 Chr.
475 461 533 500 non
548 446 612 502 r'ere
623 456 779 511 mortuum,
801 446 846 502 sed
861 448 944 503 animi
958 448 1106 520 deliquium
1118 446 1179 520 pss-

138 527 200 582 sum
221 526 285 591 esse,
309 528 454 601 disputarit
472 527 601 583 Paulus
619 531 814 585 commentor.
839 532 888 585 lll.
914 532 947 587 ed
967 532 1065 587 Maeli.
1078 532 1120 597 27,
1134 534 1178 588 50.

137 632 168 682 p.
183 611 278 667 81011.
313 611 349 668 Α.
363 610 574 684 Ηιιιηοδεη
590 612 694 667 Herios
712 612 776 687 lust.
798 633 828 673 u.
847 616 913 671 tric.
930 618 1113 672 Commentnr
1131 621 1179 673 ub.

138 696 306 769 die'Geseie.
326 701 376 751 des
389 697 601 773 Begrddniffes,
623 703 678 752 der
691 697 901 773 Ausersteisung
921 719 950 756 u.
970 702 1180 773 Himmeifoiert
1203 758 1206 766 ,
1254 698 1258 701 ’

138 781 212 862 lesu
227 810 278 836 ··.
296 782 328 837 1..
340 782 416 839 1826.
434 801 461 854 p.
473 781 523 835 187
534 782 564 837 lr.
590 782 715 837 Omnino
728 784 817 838 omnis
830 783 909 838 liuius
924 786 1083 859 quaestionis
1096 786 1179 841 cardo

138 872 170 924 in
182 885 216 929 en
230 871 359 932 vertitur,
383 881 468 925 utres
480 866 535 941 ipsa
552 870 582 923 iu
600 868 671 924 sacto
686 866 769 941 polita
783 880 809 923 et
821 870 890 925 ratio
904 890 973 925 eam.
983 870 1118 925 iudicandi
1136 880 1180 925 et-

139 974 197 1025 qoe
208 954 347 1017 enarrandi
363 972 379 1010 s
393 954 503 1008 testibus
524 953 588 1007 inita
608 951 682 1015 ricte
702 950 878 1007 discernatur.
916 952 980 1022 Quo
994 952 1066 1009 santo
1080 951 1180 1022 species

140 1036 252 1111 quidem
267 1036 384 1107 mythice
398 1046 426 1092 et
439 1035 598 1093 miraculosa
613 1036 693 1091 buius
712 1046 837 1101 eventus,
861 1038 973 1093 minime
985 1056 1053 1095 vero
1067 1052 1180 1097 euentus

138 1122 196 1198 ipse
214 1124 333 1189 tollitur,
354 1122 457 1179 reditus
475 1123 608 1179 nimirum
620 1121 680 1177 lesu
693 1120 791 1177 Clarilli
808 1122 837 1177 in
857 1123 955 1187 vitam,
979 1125 1079 1196 quippe
1099 1142 1180 1196 quem

139 1208 187 1264 uel
207 1205 329 1279 mythico
348 1205 399 1260 isto
416 1204 549 1263 uelsmiue
566 1212 690 1264 exutum,
714 1205 903 1275 praeeuntibus
917 1208 1051 1279 Apostolis
1067 1208 1141 1274 (slot.
1154 1208 1180 1267 8.

141 1294 186 1347 15.
205 1292 302 1357 10,10.
320 1290 402 1345 Rom.
415 1287 442 1355 4,
454 1284 497 1343 24.
519 1288 609 1345 teor.
621 1289 660 1353 15,
672 1282 706 1343 11
719 1286 750 1343 ss.
766 1288 831 1359 nl),
848 1300 976 1362 tanquam
986 1290 1090 1361 'insigne
1101 1288 1180 1363 ipsius
1240 1296 1242 1309 ’

141 1374 251 1433 divinoe
273 1374 460 1449 providentioe
483 1390 542 1427 rem
562 1371 738 1429 Christianam
762 1374 868 1447 egregie
890 1376 1075 1430 confirmantis
1099 1387 1181 1447 atque

141 1460 330 1535 promoventis
352 1460 547 1516 documentum
568 1456 612 1529 pie
632 1456 758 1529 amplecti
780 1456 867 1513 liceat.
905 1456 959 1526 (cf.
977 1460 1099 1525 Kdlter
1115 1459 1181 1512 Im·

104 1538 121 1567 ⁰
140 1549 262 1600 manuel
275 1550 320 1599 od.
332 1539 553 1614 chorami-istil
565 1545 619 1593 des·
630 1556 661 1594 n.
675 1548 696 1594 t.
709 1540 1043 1609 Wundercrsdhlunqen.
1061 1542 1093 1599 Ι..
1103 1544 1180 1599 1821.

125 1634 171 1702 p.
184 1629 236 1683 291
248 1626 281 1697 s.)
316 1626 413 1697 Neque
426 1637 516 1680 tamen
528 1634 616 1678 totam
629 1621 767 1694 religionis
780 1621 844 1675 Chr.
860 1624 1043 1679 veritatem-es
1056 1624 1109 1681 hoc
1123 1626 1181 1683 solu
1234 1646 1237 1653 ⁴

141 1718 216 1771 sacto
229 1714 347 1787 pendere
360 1711 559 1769 contendimus.
594 1708 673 1763 Haud
688 1708 761 1762 euim
779 1707 948 1779 ignoramus,
971 1711 1043 1780 quod
1058 1710 1118 1782 quis
1130 1730 1183 1770 re-

141 1817 203 1853 ram
222 1797 360 1869 religionis
379 1794 530 1850 doctrinam
549 1789 731 1864 proposuerit,
754 1790 783 1844 id
801 1790 913 1845 minium
931 1792 1039 1863 probari
1059 1792 1133 1869 polle
1151 1814 1183 1849 re

143 1880 260 1952 quedam
274 1880 302 1934 in
313 1879 387 1934 sacto
400 1874 499 1951 polita,
523 1894 606 1949 quem
620 1874 698 1947 pauci
710 1883 817 1927 tantum
831 1876 908 1929 tesies
922 1888 1108 1947 cognoverunt
1128 1880 1183 1933 mi-

142 1965 284 2035 raculique
296 1962 383 2036 specie
396 1963 461 2017 olim
476 1979 526 2034 pro
538 1961 592 2016 aeri
605 1958 756 2014 incultioris
766 1958 875 2030 ingenio
888 1960 1050 2015 induet-unte
1067 1960 1112 2017 sed
1123 1962 1182 2025 solo

143 2053 217 2107 ilfioe
230 2059 389 2123 argumento
404 2067 467 2102 cum
481 2046 559 2102 sanae
572 2047 684 2100 rationis
702 2044 840 2116 principiis
857 2045 925 2098 bene
939 2046 1118 2109 conveniente
1131 2066 1183 2104 ve-

144 2135 254 2189 ritatem
268 2131 373 2187 ostendi
394 2132 433 2199 (5.
448 2131 515 2199 51.).
552 2124 681 2191 Accedit,
705 2126 779 2197 qu'od
792 2122 863 2179 lesus
877 2124 931 2197 ipse
943 2126 1003 2197 posi
1019 2127 1137 2183 reditum
1153 2128 1184 2185 in

145 2216 397 2274 vitam'doctrinam
411 2213 484 2269 suam
498 2230 633 2286 nusquam
648 2209 711 2265 hnic
724 2208 778 2273 rei,
795 2208 867 2279 quali
879 2207 1072 2276 fundamento,
1088 2210 1183 2288 super-

143 2300 264 2355 struxisse
275 2300 399 2354 traditur.
436 2298 480 2353 Gs.
495 2296 594 2353 Metel.
607 2296 706 2358 1880.
725 2330 760 2342 -
793 2294 893 2365 Briese
910 2296 955 2351 ub.
969 2298 1024 2350 den
1038 2298 1182 2355 Munu-
1272 2360 1275 2365 1

143 2385 254 2437 liumus.
279 2382 323 2436 28.
348 2378 444 2437 28611.
877 2404 881 2413 “

98 2500 139 2569 s)
158 2492 255 2553 Enoch
270 2497 352 2567 (Gen.
364 2496 474 2569 511),
489 2495 581 2551 Mosei
596 2494 778 2567 (mopinione
791 2492 953 2549 ludaeorum
971 2514 998 2551 v.
1011 2494 1113 2550 Philo
1128 2496 1182 2552 vie.
1211 2534 1229 2547 -.

145 2582 218 2639 Mos.
232 2582 280 2638 sub
293 2583 340 2637 lin.
370 2581 502 2657 loseph.
517 2580 601 2649 Arci.
619 2578 668 2633 Ν.
685 2578 711 2631 8.
730 2572 773 2630 18.
788 2587 815 2631 et
828 2576 1057 2633 Samaritanorum
1070 2590 1183 2635 recentt·
1202 2592 1209 2603 “

148 2692 177 2727 v.
193 2669 363 2725 Gelenius
385 2670 527 2723 Anecdota
544 2664 694 2721 Orientalia
714 2660 790 2717 Fato.
805 2660 827 2714 l.
863 2662 989 2719 Carmina
1007 2663 1184 2725 samaritane.
1242 2666 1245 2675 ⁴

147 2752 271 2811 1..1881.
295 2759 325 2810 4:
347 2774 375 2829 p.
391 2754 481 2823 104.)‚
510 2747 894 2825 Eliasfflieg.2‚l-s2.)i
924 2746 1057 2804 Romulus
1075 2750 1184 2817 (Flnr.

146 2844 215 2898 1.1.
242 2840 473 2899 OvidMetam.
491 2836 565 2893 xlt'.
585 2833 679 2891 81511.
705 2831 881 2887 Plutarch.
895 2831 1005 2887 Romul.
1021 2834 1120 2894 cssd„
1137 2834 1186 2889 ubi

148 2928 183 2980 de
195 2926 304 2980 Romuli
322 2921 458 2997 apotheosi
475 2920 512 2976 ita
531 2917 673 2994 praecipita
702 2912 866 2985 ἀπογνῶναι
880 2914 935 2987 μὲν
950 2904 1004 2968 οὖν
1023 2912 1187 2971 παντάπασι

149 3004 401 3076 circummunire
413 3003 525 3076 ἀρετῆς,
548 2995 679 3065 ἀνόσιον,
698 2994 807 3067 οὐρανῷ
822 2996 853 3051 dt
870 2992 999 3067 μιγνύειν
1015 2998 1084 3072 γῆν,
1104 2996 1187 3067 ἀβέλ-

150 3094 254 3162 τερον.)
277 3092 374 3163 aliique
391 3087 528 3145 benefieiis
546 3084 703 3139 excellentes
722 3082 775 3137 viri
802 3080 888 3147 (cte.
906 3079 967 3134 Nat.
988 3080 1063 3137 deor.
1078 3082 1113 3138 ll.
1127 3084 1185 3155 24.)

148 3175 180 3228 in
193 3176 299 3229 coelum
312 3172 407 3229 sublati
419 3170 471 3225 elle
485 3168 656 3225 dicebauteu.
679 3174 823 3237 propterea
837 3160 910 3235 quod
924 3163 1001 3219 locus
1013 3175 1059 3221 aut
1071 3176 1188 3239 tempus,

150 3275 207 3331 quo
220 3258 319 3312 mortui
337 3256 433 3319 essent,
449 3252 634 3329 ignorabatur·

60 3347 63 3351 ι
111 3365 151 3432 3)
171 3354 368 3417 Griesbacli
387 3352 505 3426 Opusoc.
519 3353 593 3407 acad.
608 3349 651 3406 ed.
671 3346 812 3401 Gabler.
831 3346 980 3402 1m.1825.
999 3348 1034 3403 ll.
1053 3368 1080 3423 p.
1093 3350 1143 3403 471
1158 3348 1188 3404 η’.
1304 3370 1309 3393 ι

151 3446 262 3521 Sylloge
281 3444 366 3500 locor.
388 3440 423 3497 N.
437 3440 471 3494 Τ.
490 3438 524 3494 ad
544 3432 700 3491 adscensum
714 3431 809 3487 (lirini
828 3432 856 3485 in
878 3432 983 3486 coelum
1002 3431 1187 3505 spectantium.

151 3526 501 3586 Eciermannlsondd.
516 3520 673 3576 dsistGl.
692 3517 741 3571 lll.
760 3512 854 3570 51511.
888 3516 1020 3572 Paulus
1039 3520 1191 3577 Commen-

152 3627 212 3669 ων.
235 3612 283 3669 111.
313 3608 407 3667 95911.
460 3610 605 3662 Ammon
627 3602 744 3658 ninom
767 3598 1004 3677 ascensus-Christi
1028 3602 1058 3657 in
1083 3600 1191 3657 coelum
1296 3625 1298 3636 ·

151 3700 267 3760 tutia,
283 3700 313 3751 in
328 3691 429 3767 Opusc.
456 3690 533 3745 Gott.
549 3686 625 3743 1808.
664 3684 717 3742 Hic
730 3684 783 3737 iem
797 3683 859 3737 inde
872 3702 887 3738 a
900 3684 1055 3755 primordiis
1066 3683 1191 3740 ecclefine

152 3784 318 3841 Christianae
329 3781 394 3836 duas
408 3780 435 3833 in
447 3778 498 3831 hac
511 3777 545 3831 de
557 3770 708 3830 ascensione
716 3768 774 3825 lesu
783 3770 879 3823 Christi
893 3770 921 3823 in
934 3771 1040 3825 coelum
1050 3768 1191 3825 obtinuisse

152 3869 296 3925 sententias
314 3858 522 3923 demonstravit,
544 3876 642 3920 unam,
665 3874 736 3929 quae
755 3854 783 3907 in
802 3852 854 3907 fide
867 3850 979 3924 simplici
993 3853 1079 3907 abitus
1093 3852 1191 3927 Christi

151 3951 315 4023 adglorians
330 3947 468 4002 coelestem
484 3938 644 4002 subsisteret,
667 3939 793 3999 alteram,
818 3955 885 4008 queo
905 3936 984 3992 variis
1005 3936 1192 3993 traditionibus

153 4048 280 4094 exornate
294 4026 561 4104 adspectabilemlesu
570 4026 633 4081 Chr.
641 4021 795 4079 adscensum
807 4023 835 4076 in
849 4023 956 4077 coelum
971 4023 1106 4094 probaret.
1121 4022 1190 4079 stu

150 4122 456 4191 „obtemperaverunh
480 4114 584 4185 inquit,
606 4111 657 4166 bac
676 4111 705 4164 iu
720 4128 749 4163 re
763 4108 873 4165 Marcus
892 4118 918 4163 et
931 4108 1019 4165 Lucus
1033 4098 1191 4166 Chrilliaiio·
