2709 4659
18 253 55 322 >a
69 248 296 336 mnsam
302 226 443 340 sauss
452 269 519 340 po
531 199 718 342 ‘catastam
730 235 1004 357 crescamus¹
1023 255 1099 324 ses

18 421 359 517 ravierismomcnti
372 415 627 517 intercedite).
681 417 1101 512 Quiburdecaulistum

18 519 1100 626 naximeoptabileell‚tumsaoile‚perficiendnm,utlnueltnm

18 627 83 700 lud
99 627 193 710 inter
206 623 438 707 Lutheranes·
447 639 486 700 et
501 621 726 702 Reformatos
747 623 1101 703 discidiumtandem

18 728 187 830 liquando
212 724 357 830 prorsus
382 725 610 818 tollatur‚.et
623 725 769 824 tetrique
784 729 969 802 communi
981 730 1102 804 Emn-
1183 781 1187 801 .

18 831 195 928 {elicorum
211 829 269 911 vel
283 827 713 910 protestandam-nomine
731 828 826 904 inter
846 827 884 902 le
897 829 1103 907 consocien-

18 959 70 1006 ur.
130 931 210 1027 Qua
232 931 287 1010 de¹
298 957 339 1007 re
356 954 470 1030 quum
487 955 602 1032 nuper
613 929 729 1008 etiam
742 929 868 1030 inique
882 955 926 1006 ae
940 932 1104 1034 preesse

18 1065 24 1108 ι
46 1032 445 1115 nonnullisiudieatum
467 1031 527 1128 lit,
568 1055 667 1130 quae.
682 1029 809 1106 vel-ad
823 1029 984 1108 hominis
997 1034 1104 1111 Chri-

18 1137 103 1210 'tiani
127 1134 306 1233 efficium,
331 1134 389 1208 vel
411 1133 461 1208 ad
484 1132 621 1210 consilli
644 1131 872 1235 prudentiam
890 1138 1102 1238 pertineant,

18 1263 76 1312 am
90 1238 215 1338 paucis
229 1259 460 1340 exponemus.
509 1299 513 1310 .
545 1303 552 1310 .
638 1275 641 1286 ·
714 1277 718 1287 ,
830 1270 860 1352 '.
1158 1288 1161 1297 ·

103 1383 131 1458 Ι.
157 1382 213 1458 Ac
233 1380 394 1483 primum
419 1379 567 1484 quidem
594 1377 707 1486 officii
731 1383 777 1456 est
801 1381 903 1457 illud
917 1386 1121 1467 discidium

17 1483 997 1664 20eoss¹s,1errassem

18 1615 134 1763 dutione
150 1643 332 1782 coortum,
359 1707 395 1761 et
408 1643 604 1790 pertinacia
620 1687 777 1788 quadam
789 1618 1109 1791 rixaridilsnugllildi:

18 1793 86 1864 line
103 1813 251 1876 eorum,
278 1787 411 1892 quibus
425 1789 604 1864 sacrorum
625 1792 824 1864 emendatio
845 1791 914 1867 sec.
931 1795 1023 1870 XVI
1045 1798 1110 1872 dc-
1173 1837 1176 1843 =
1275 1810 1279 1816 ’
1327 1794 1333 1810 ’

18 1907 128 1988 retur,
160 1891 331 1993 inprmris
352 1889 660 1988 Lutheranorum,
693 1907 896 1968 auctumet
920 1897 1110 1972 confirma-

19 2023 91 2069 um.
142 1995 246 2068 Idem
271 1993 433 2087 consilio,
456 2018 529 2094 quo
554 1993 649 2066 Iesus
672 1989 756 2067 Chr.
784 1991 811 2073 s
839 2019 986 2071 coenam
1010 2001 1111 2075 insti.

18 2099 91 2192 uit,
117 2097 315 2172 memoriae
339 2095 467 2196 ipsius,
503 2098 665 2168 emnium
681 2091 1111 2178 hominum-amantissimi

18 2201 74 2300 [lo.
98 2209 156 2294 15,
175 2197 281 2298 ts),
316 2196 545 2294 celebrandae
566 2209 804 2297 mutuamque
827 2200 922 2274 iuter
942 2199 1110 2298 Christia-

19 2329 69 2376 1os
84 2323 244 2375 amorem
260 2299 413 2402 augendi
429 2297 470 2398 (1
484 2299 563 2374 Cer.
577 2314 635 2394 10,
657 2298 737 2399 17.)
753 2300 995 2404 primarioque
1005 2305 1112 2381 Chri-

19 2405 132 2484 iianae
149 2402 336 2504 religionis
355 2416 543 2504 praecepto
560 2397 709 2499 (llattlr.
730 2417 790 2495 22,
810 2417 869 2479 88.
891 2419 949 2480 59.
975 2407 1027 2483 Io.
1051 2425 1109 2504 ts,
1134 2497 1141 2504 ,

20 2513 68 2582 14.
89 2520 150 2582 35.
185 2522 201 2582 1
224 2505 305 2579 Cer.
330 2517 387 2583 13.
430 2517 446 2580 1
466 2505 564 2578 Tim.
585 2520 619 2598 1,
645 2501 703 2600 5.)
727 2504 869 2606 prorsus
891 2499 1108 2594 adversatur.

20 2608 219 2708 Itaqueiam
246 2603 602 2700 Melanchthou,
629 2609 732 2680 cuius
747 2619 782 2678 et
798 2603 916 2680 sanior
935 2623 971 2683 et
986 2612 1111 2696 mitior
1177 2651 1180 2659 ·
1240 2647 1243 2654 ·

21 2726 83 2784 >rat
104 2711 148 2785 de
173 2707 235 2783 his
254 2707 362 2782 rebus
384 2706 574 2802 sententia,
609 2699 765 2790 editione
777 2707 1000 2808 Augustanos
1016 2713 1112 2788 Cen-

21 2811 158 2887 effionis
173 2824 312 2885 mutata
329 2803 381 2907 (§.
401 2806 508 2908 176.)
523 2811 815 2884 coniunctionem·
825 2810 919 2886 inter
933 2808 1112 2890 illos'oos-
1241 2817 1247 2834 “

22 2943 63 2989 us
80 2912 287 2990 dissidentes
302 2911 470 3014 perficere
483 2911 624 3006 studuit,
651 2937 717 2986 nec
731 2911 804 3011 post
822 2939 906 2986 eum
921 2913 1112 2992 defuerunt

23 3020 169 3092 {omines
190 3016 247 3118 pii
271 3039 313 3089 ac
339 3013 531 3115 sapientes,
558 3013 624 3114 qui
645 3011 786 3087 diversis
804 3016 1045 3116 temporibus,
1070 3035 1114 3093 ut

25 3120 98 3194 llud
113 3118 310 3193 discidium
326 3117 526 3220 tolleretur,
553 3116 776 3190 elaborarent
791 3111 848 3214 l);
881 3117 925 3191 id
943 3119 1044 3219 qued
1054 3121 1114 3195 in-

24 3223 51 3294 le
66 3249 85 3295 a
99 3221 365 3295 reformationis
381 3217 561 3291 sacrorum
580 3219 696 3292 tertiis
711 3217 929 3293 secularibus
945 3223 1004 3322 pis
1021 3218 1114 3320 cele·

25 3326 120 3401 tratis
137 3324 176 3396 in
199 3348 279 3398 com
307 3321 446 3394 laribus
462 3321 673 3395 Germaniae
694 3320 862 3424 partibus.
875 3319 1114 3401 seliciffimum
1218 3374 1243 3430 3

25 3425 138 3500 tabuit
154 3347 349 3500 succellirm
361 3421 408 3520 ⁶).

109 3571 155 3646 ΙΙ.
182 3569 319 3644 Utilem
332 3593 417 3641 vero
432 3565 498 3642 elle
513 3563 722 3644 huiusmodi
733 3567 1038 3664 consociationem,
1060 3569 1116 3646 fa-

26 3674 78 3748 :ile
89 3672 316 3772 intelligitur.
374 3669 408 3744 N
408 3697 455 3744 en
477 3669 590 3744 l'ol'um
614 3671 710 3744 enim
726 3667 795 3746 hac
809 3673 949 3750 ratione
961 3689 1039 3746 tum
1052 3699 1116 3746 re-

27 3801 130 3850 erum
161 3771 423 3850 discordiarum
454 3772 576 3874 stirpes
606 3797 651 3846 oc
684 3762 821 3848 lemine
842 3775 1115 3870 interficiuntur,

28 3903 92 3952 um
122 3879 225 3952 novis
257 3874 419 3950 discidiis
450 3875 597 3948 obviam
629 3875 723 3967 itur3
759 3875 821 3950 sed
851 3878 960 3952 etism
992 3874 1115 3971 multa,

28 4004 107 4078 ,uae
123 4007 169 4054 ex
188 3981 236 4054 iis
252 3975 299 4050 ad
322 3975 502 4050 sacrorum
526 3975 881 4073 administrationem,
915 3977 960 4052 ad
981 3975 1117 4054 scholas

29 4097 50 4156 >t
64 4082 174 4174 vitam
188 4079 414 4169 domesticam
438 4075 959 4252 permanebankincommodn,
984 4071 1116 4157 eoum-

719 4205 745 4252 n
764 4197 787 4256 2
