2709 4659
663 4 684 35 ιι

181 232 238 300 De
260 179 362 299 modo
379 232 513 323 salatia
530 250 598 321 per
613 230 791 323 Christum
810 230 1075 331 consequendae.
1117 232 1190 317 dib
1212 326 1215 335 ι

145 398 256 469 lubeat)
264 438 273 464 ‚
290 399 423 473 acpotiua
434 362 568 455 oontiuem
580 400 616 457 ait
628 398 658 455 in
672 398 835 471 cogitatione
855 398 973 455 bominis
987 398 1119 465 coluerim
1141 398 1189 471 qui
1247 406 1249 409 '
1318 384 1321 393 ¹

146 481 322 541 sedescivissc
335 482 429 539 sentiat
448 483 590 539 asummir
602 485 655 540 Dei
674 482 796 557 legibdeg
818 485 846 539 id
865 486 973 556 quidem
993 484 1103 559 prorsus
1120 484 1191 538 tollit
1219 476 1221 483 ’

146 565 314 630 seuctiutem
331 579 358 624 et
377 569 503 625 iustitiam
520 570 588 633 Dei,-
617 578 681 623 nam
699 568 774 623 Deua
794 588 851 625 nen
871 572 956 643 potest
975 570 1127 643 improbare
1144 579 1191 623 aut

148 650 247 722 punire
258 650 301 716 id,
318 650 393 723 quod
411 670 468 705 non
481 652 603 715 e1t‚nec
615 650 667 706 bac
684 650 789 705 ratione
808 650 965 722 improbiter
985 672 1017 707 ac
1029 648 1115 724 poena
1127 648 1191 723 pos·-
1252 647 1256 658 “
1297 629 1302 647 ’

143 723 189 791 'set
199 734 330 792 secernia
342 735 476 809 probitate
487 746 515 790 et
526 735 662 790 salicitate.
696 734 722 789 4.
741 734 862 794 Abducit
876 735 969 791 eadem
981 754 1032 791 noe
1045 754 1087 799 eo,
1105 745 1134 789 ut
1146 735 1190 788 di-

149 820 242 877 vinam
255 819 391 891 quandam
403 819 451 874 sati
471 807 658 894 neaeffitotem
675 818 728 875 esse
741 820 902 885 batumum
925 838 980 891 quo
996 820 1070 877 sacto
1085 821 1192 877 tollitur

151 924 233 959 omne
251 902 394 959 boneltatir
419 904 536 959 studium
564 904 708 975 omniaque
730 904 825 976 culpae
848 905 1046 961 contrahendae
1069 906 1190 961 sacultar.

151 989 291 1045 Praeterea
319 989 461 1043 confundit
483 987 618 1062 pbylicam
641 998 669 1043 et
692 990 823 1043 moralem
841 989 894 1045 Dei
914 1001 1039 1047 naturam
1064 1010 1097 1047 ac
1121 991 1191 1047 delet

151 1072 327 1147 spontaneum
341 1074 437 1147 agendi
451 1085 575 1135 motum,
592 1072 646 1127 line
659 1093 715 1143 quo
729 1074 802 1149 nulla
815 1076 851 1129 eu
870 1092 950 1130 verae
961 1073 1069 1132 virtutis
1080 1076 1190 1150 specier-

150 1163 306 1217 Dircrimen
324 1163 414 1226 euim,
447 1162 521 1233 quod
541 1160 667 1217 Calvinus
687 1160 738 1215 elle
758 1161 818 1217 vult
842 1162 912 1215 inter
930 1161 983 1215 Dei
999 1172 1192 1235 pracceptum,

153 1246 228 1317 quod
236 1246 357 1301 bominee
368 1257 497 1317 tanguam
504 1246 602 1317 agendi
611 1244 731 1317 regulam
744 1242 906 1318 propositam
920 1240 970 1301 elle
981 1242 1065 1301 sciant
1072 1256 1098 1300 et
1110 1246 1192 1301 iutel-

151 1330 250 1402 ligant,
273 1342 301 1387 et
313 1334 504 1391 voluntatem,
529 1348 609 1400 quam
623 1348 711 1401 neque
725 1330 873 1402 intelligant
886 1349 975 1401 neque
988 1332 1125 1404 explorare
1142 1332 1192 1387 de-

152 1417 248 1479 beant,
277 1418 385 1471 nullum
400 1414 509 1489 prorsua
528 1416 579 1480 est,
602 1414 623 1469 fi
642 1417 725 1472 vitam
739 1414 881 1471 hominnm
895 1416 977 1491 ipsam
990 1439 1038 1493 per
1049 1420 1076 1475 se
1087 1419 1193 1493 specta-

153 1499 240 1562 verit,
256 1499 285 1553 in
300 1518 353 1571 qna
366 1498 436 1569 leger
449 1499 563 1553 morales
577 1517 672 1553 omnea
690 1520 719 1553 ex
737 1500 876 1555 voluntate
889 1502 940 1555 Dei
958 1502 1093 1577 proiectae
1106 1494 1194 1563 virbri

152 1582 259 1654 potsunt
272 1602 305 1638 ae
317 1584 424 1637 debent.
457 1582 632 1638 Etlirerum
645 1586 692 1648 est,
710 1584 783 1656 quod
797 1584 925 1639 testantur
939 1586 1000 1640 libri
1012 1584 1059 1653 ll.,
1076 1587 1128 1643 Dei
1141 1609 1194 1646 vo-
1299 1598 1315 1645 ἵ

152 1666 280 1722 luntatem
295 1668 322 1722 id
336 1688 429 1739 agere,
445 1678 478 1722 nt
488 1667 681 1751 sanctimoniae
693 1688 785 1723 amore
799 1688 849 1722 noa
863 1668 980 1724 imbuat=
1004 1690 1061 1726 non
1081 1676 1119 1727 eu
1131 1694 1193 1729 cre-

154 1750 250 1811 dibile,
266 1750 380 1806 eandem
391 1748 584 1823 saepenumero
598 1750 765 1805 contrarium
778 1752 867 1807 lacere
881 1762 907 1805 et
925 1764 1033 1824 peccata
1052 1755 1143 1811 iubere
1161 1778 1194 1815 ac

156 1836 308 1891 decernere.
348 1835 397 1889 Sin
416 1846 507 1889 autem
522 1836 657 1891 occultam
670 1846 697 1890 et
709 1836 940 1908 incognitamDei
957 1834 1194 1915 voluntatempo-

154 1918 236 1976 suetis
255 1920 295 1975 rel
315 1918 490 1982 concesserit,
513 1936 583 1992 quae
602 1918 733 1991 quaedam
754 1921 843 1992 legum
863 1920 1007 1975 moralium
1026 1926 1193 1995 exceptiones

89 2047 92 2057 .
156 2003 336 2057 constituerit:
360 2003 437 2059 nervi
451 2022 545 2056 omues
565 2002 671 2057 virtutis
684 2000 855 2067 inciduntur,
878 2004 1036 2075 animusque
1048 2006 1082 2059 ad
1092 2005 1195 2063 sollici-

155 2092 268 2144 tatloner
288 2086 439 2143 obdurescit
459 2096 486 2140 et
506 2085 643 2159 affligitur.
686 2084 711 2139 5.
731 2086 878 2155 Homines,
901 2088 948 2162 qni
962 2089 1125 2145 electossese
1143 2092 1194 2147 else

156 2174 302 2245 opinantur
321 2175 401 2247 (quor
413 2172 468 2246 ipse
482 2172 611 2229 Calvinus
625 2172 750 2228 concedit
761 2172 897 2247 ellepolle
910 2175 1064 2232 etiamnunc
1080 2178 1194 2253 quibus·
1254 2178 1257 2187 '

155 2260 218 2313 dam
231 2259 303 2316 vitiis
318 2260 460 2329 obrutos),
481 2268 528 2312 aut
540 2258 587 2331 qui
599 2257 633 2311 a'd
646 2258 845 2311 emendandum
859 2260 977 2313 animum
992 2260 1139 2335 quidquam
1152 2258 1196 2317 a's-

152 2346 226 2400 ferre
237 2345 264 2400 se
276 2346 350 2419 posse
361 2345 502 2406 diffidunt,
518 2344 550 2398 in
560 2344 661 2401 virtme
678 2342 791 2399 colenda
803 2344 954 2399 redduntur
968 2346 1058 2415 ignavi
1073 2348 1115 2403 vel
1127 2348 1194 2401 adeo

153 2433 189 2487 ad
206 2430 340 2486 summam
359 2431 518 2501 rediguntur
541 2427 762 2501 desperationem.
802 2429 837 2483 60'
855 2428 948 2483 Scbl.
967 2422 1076 2503 quidem
1092 2431 1194 2487 Calvini

154 2514 314 2571 sentemiam
331 2514 369 2568 ita
386 2522 533 2586 temperat,
557 2522 588 2567 ut
607 2529 689 2565 omne
708 2530 791 2583 genua
806 2508 955 2565 bumanum
968 2512 1112 2583 aliquando
1130 2534 1195 2587 per·

146 2597 303 2661 'venturum
323 2604 418 2657 statuat
437 2600 466 2653 in
485 2617 573 2653 unum
591 2596 727 2670 quendam
747 2596 897 2670 proborum
917 2616 948 2651 ao
965 2596 1109 2653 beatorum
1127 2619 1194 2655 coe-
1278 2610 1282 2623 '

158 2702 233 2751 tum,
264 2676 426 2756 in‘eumque
444 2684 527 2757 recipi
549 2703 594 2738 eos
614 2701 737 2754 quoque,
762 2682 823 2753 qui,
855 2680 925 2753 quali
939 2682 1036 2755 perditi
1048 2702 1082 2738 ac
1095 2684 1195 2752 devoti,
1271 2704 1275 2721 ·

129 2769 131 2776 ’
155 2796 188 2830 ex
207 2774 317 2829 arbitrio
336 2771 389 2828 Dei
410 2772 489 2827 nobie
507 2772 649 2830 videantur
670 2769 722 2824 elle
741 2770 876 2843 reprobati
895 2789 928 2824 ac
947 2771 1082 2839 damnati3
1111 2774 1195 2830 vitam

158 2859 232 2915 enim
250 2859 369 2913 suturam
389 2856 440 2912 elle
458 2875 564 2912 norum
583 2856 667 2913 animi
681 2854 818 2909 excolendi
831 2854 961 2916 stadium,
983 2858 1133 2929 statumque
1146 2861 1197 2915 da.

155 2939 388 3017 pnnatorumuibil
401 2937 451 2994 esse
459 2936 505 2994 nifi
517 2937 646 2993 seriorem
658 2938 687 2991 in
694 2936 790 2991 Christi
804 2954 921 3010 regnum*
930 2939 1121 3011 receptionem.
1140 2941 1197 2996 Ve-

68 3041 71 3060 ¹
157 3037 304 3087 runtamen
317 3025 424 3097 simplex
440 3035 467 3078 et
479 3022 598 3078 absoluta
611 3021 765 3095 reprobatio
776 3020 819 3075 -rel
831 3020 962 3091 neglectio
974 3033 1084 3077 naturae
1097 3023 1118 3078 s.
1133 3044 1198 3097 per-

158 3110 239 3166 sonae
251 3110 355 3165 ratiooe
369 3108 518 3181 praeditae,
534 3126 603 3180 quae
614 3104 667 3177 ipsa
681 3124 728 3178 per
741 3102 793 3159 sese
805 3104 883 3160 debet
894 3105 1014 3179 spectari,
1031 3126 1119 3181 neque
1132 3110 1197 3165 alia-

157 3216 222 3251 rum
236 3214 327 3249 rerum
345 3194 434 3248 usibus
446 3202 547 3247 temere
558 3190 665 3254 subiici.
690 3190 803 3245 omnino
817 3190 911 3246 cedere
923 3210 979 3244 non
993 3194 1079 3264 potest
1092 3194 1121 3247 in
1134 3214 1197 3265 per-

159 3279 327 3337 sectiffiutum
348 3278 428 3333 buius
449 3277 545 3331 mnndi
564 3285 708 3331 rectorem.
760 3274 823 3329 Vid.
848 3274 1120 3333 Rretscbneider
1142 3279 1198 3333 Die

158 3365 252 3419 lehre
266 3363 381 3418 mulne
397 3396 448 3415 -.
529 3371 534 3380 ’

124 3486 154 3555 c)
171 3478 450 3537 Bretscbneider
474 3476 590 3531 Horat.
609 3479 639 3531 d.
659 3476 765 3544 Dogm.
789 3470 825 3527 ll.
853 3473 904 3528 104
916 3472 936 3529 s.
978 3474 1198 3531 Dubitationibua

159 3568 214 3624 iltis
227 3579 257 3625 ιιι
271 3568 377 3622 obviam
391 3566 462 3620 irent
473 3565 567 3619 Form·
581 3562 669 3618 Cone.
685 3571 824 3625 auctores,
840 3558 925 3615 multa
936 3560 1088 3615 Dominum
1102 3560 1134 3613 de
1145 3560 1199 3617 boc

160 3656 288 3730 mysterio
302 3652 434 3709 reticuisse
446 3663 473 3707 et
489 3648 632 3707 occultasse
645 3646 754 3721 prosell'r
768 3646 844 3711 sunt,
861 3661 936 3717 {quae
950 3646 1027 3699 altius
1041 3644 1199 3718 investigare

160 3742 240 3797 nobis
254 3760 311 3794 non
327 3739 414 3793 liceat.
448 3736 506 3791 Sol.
521 3736 589 3791 decl.
602 3734 664 3789 822.
700 3732 863 3804 „Quicquid
878 3732 950 3785 enim
964 3730 1142 3802 scriptumest
1158 3733 1200 3799 (ut

162 3827 216 3897 Ap.
228 3824 311 3877 Rom.
327 3819 368 3885 15,
378 3820 406 3873 4.
424 3821 544 3888 tenatur)
563 3819 592 3871 in
606 3817 756 3873 doctrimm
770 3816 888 3871 nostram
902 3814 1030 3886 scriptum
1044 3816 1091 3873 est,
1108 3822 1137 3865 ut
1151 3832 1199 3883 per

80 3912 85 3925 '
162 3908 316 3983 patientiam
329 3916 356 3960 et
368 3902 578 3961 consolationem
592 3901 739 3973 scripturae
752 3899 826 3973 spem
840 3896 993 3955 babeamus.
1029 3890 1133 3967 Quodsr
1143 3916 1199 3951 no-

161 3992 205 4046 bir
219 4010 267 4063 per
279 3990 437 4063 scripturam
451 3984 599 4042 consolatio
610 3984 655 4040 illa
669 3984 713 4041 cel
733 3994 889 4047 enervatur,
913 3982 952 4035 rel
972 3980 1098 4051 eripiturr
1121 3990 1197 4055 certo

164 4075 263 4132 certina
281 4072 514 4146 elt‚.scripturam
533 4082 628 4128 contra
647 4070 804 4129 seutentiam
818 4082 844 4126 et
858 4078 976 4125 mentem
984 4064 1027 4150 sp.
1041 4065 1061 4121 l.
1076 4064 1199 4137 explicari
