2709 4659
197 300 228 346 x
285 320 286 331 ι
336 326 343 345 ,
649 266 854 360 Praefatio.

195 446 300 521 liolus
324 442 416 519 bene
437 440 578 524 monuit
597 442 674 517 Tit.
695 459 730 535 2,
751 458 833 537 tn,
866 444 908 517 in
925 439 998 518 hoo
1020 442 1107 518 orbe
1127 458 1317 519 terrarum

173 566 382 663 ’σωφρόνως
414 570 472 637 καὶ
508 564 728 647 acuatacuat
754 563 899 654 εὐσεβῶς
924 559 1119 633 vivendum
1144 556 1211 633 esse
1237 557 1320 631 sibi

102 678 106 683 ’
194 682 384 795 certissime
415 676 666 781 persuadeant,
706 679 899 779 praecipue
928 677 967 751 in
996 676 1127 753 scholis
1162 674 1314 751 theolo-

194 801 294 902 giae
310 778 534 899 dogmaticae
568 792 782 869 academicis
807 820 851 869 eo
874 794 1130 872 connitendum
1153 794 1222 888 est,
1266 808 1315 869 ut

193 918 309 994 futuri
329 913 513 1017 religionis
535 912 717 1006 doctores,
750 928 786 987 et
810 912 875 1014 ipsi
894 910 966 991 hac
990 910 1211 1015 persuasione
1238 936 1315 1013 pe·

143 1043 149 1065 ‘
194 1038 291 1113 nitus
321 1033 472 1127 imbuti,
492 1032 551 1106 ‘in
574 1029 809 1105 concionibus
833 1044 869 1105 et
893 1029 1135 1107 catechesibus
1162 1028 1210 1104 ad
1234 1053 1314 1131 po-

193 1155 320 1259 pulum
348 1146 524 1227 habendis
557 1141 752 1249 prudenter
779 1145 914 1223 versari
937 1146 1095 1244 discant,
1136 1163 1313 1223 caveant-

193 1296 285 1373 que,
324 1294 370 1344 ne
404 1278 466 1341 aut
493 1263 690 1365 antiquatis
722 1262 935 1365 opinionum
960 1266 1169 1339 commentis
1189 1267 1312 1367 perti-

151 1463 154 1473 ,
192 1390 318 1463 naoius
343 1380 582 1475 inhaerendo,
610 1395 672 1455 aut
695 1404 804 1455 novas
823 1380 1023 1460 inconsulto
1043 1408 1087 1459 ao
1100 1398 1232 1459 temere
1248 1381 1311 1457 es-

153 1595 157 1610 ’
191 1502 375 1597 fouendo,
400 1498 663 1575 verissimorum
686 1498 796 1573 etiam
821 1498 867 1572 de
890 1498 1084 1601 religione,
1110 1502 1246 1574 virtute
1266 1516 1311 1575 et

156 1677 163 1721 ·.
192 1621 370 1697 honeslate
392 1622 662 1719 praeceptorum
694 1614 772 1688 vim
800 1614 1017 1714 iuhingant,
1054 1618 1310 1719 populumque

112 1841 114 1849 Ι
161 1739 232 1815 {in
264 1724 504 1867 perniciosum
535 1732 634 1809 huno
662 1758 822 1809 errorem
844 1736 1045 1831 inducant,
1083 1752 1125 1814 ut
1155 1735 1309 1813 sancus-

164 1858 275 1933 sima:
299 1854 363 1931 illa
394 1833 511 1927 curnis
541 1874 647 1925 verae
677 1846 912 1927 humahitatis
937 1854 1202 1929 fundamenta
1189 1856 1305 1929 mli-

160 1943 167 2048 l
190 1974 269 2051 bris
293 1972 401 2047 sacris
427 1968 615 2045 clarissime
636 1969 815 2069 expolita,
841 1970 901 2044 vel
925 1986 1099 2072 tanquam
1121 1974 1238 2047 sutilia
1263 1990 1306 2049 et

163 2111 269 2166 una
289 2115 373 2165 cum
398 2084 566 2163 obsoletis
591 2085 823 2187 dogmatibus
851 2090 1036 2190 antiquata
1060 2106 1305 2187 contemnant,

166 2187 270 2301 }vel,
298 2220 435 2281 mutato
461 2205 501 2289 in
520 2200 652 2278 melius
668 2203 713 2278 de
736 2203 955 2305 quibusdam
967 2207 1211 2283 ecclesiasticae
1233 2210 1305 2283 do-

189 2326 326 2401 ctrinae
350 2322 514 2424 partibus
536 2320 694 2415 iudicio,
728 2321 805 2423 ipsa
838 2348 984 2426 quoque
1006 2325 1210 2427 abroganda
1237 2342 1305 2403 aut

161 2514 167 2558 ·.
189 2440 402 2545 corrigenda
430 2438 496 2515 else
528 2441 730 2542 opinentur.
806 2442 932 2543 Itaque
956 2459 993 2520 et
1016 2443 1087 2521 hac
1112 2448 1155 2521 de
1178 2474 1217 2521 re
1241 2449 1304 2521 in-

166 2556 428 2635 'liitutiouibus
453 2556 543 2631 meis
575 2570 767 2658 praecepta
797 2557 930 2673 addere
960 2557 1061 2635 haud
1083 2558 1302 2665 supervaca-

189 2704 298 2755 neum
322 2675 425 2752 duxi.

67 3009 72 3015 Ι
292 2906 450 2985 Omnino
483 2905 624 2981 nostrae·
642 2909 769 2982 aetatis
804 2910 961 2987 rationes
983 2927 1021 2987 et
1042 2912 1226 2988 universae
1250 2914 1299 2989 de

188 3024 297 3101 rebus
322 3024 453 3099 diviiris
486 3024 698 3124 opinionum
731 3028 919 3101 ranetates
944 3024 1017 3103 hoc
1040 3030 1213 3132 postulare
1238 3034 1297 3107 vi-
1322 3096 1329 3112 .

188 3142 337 3245 dentur,
380 3154 420 3213 ut
446 3136 647 3241 theologiae
673 3140 832 3236 strabos,
870 3144 937 3267 qui
961 3144 997 3219 se
1022 3145 1070 3219 ad
1092 3146 1296 3226 doctrinam

187 3237 371 3361 religionis
396 3254 612 3337 Christianae
636 3260 769 3360 populo
795 3235 1006 3362 tradeirdarn
1037 3283 1181 3368 parant,
1222 3279 1305 3345 non'

188 3378 302 3454 solum
288 3378 527 3487 dogmatum
541 3378 629 3451 olim
642 3378 787 3480 publice
803 3397 1029 3483 receptorum
1044 3402 1297 3486 argumentum

187 3470 516 3595 vicissimdinesque
529 3494 642 3598 probe
657 3496 876 3597 intelligant,
893 3499 959 3575 sed
980 3500 1105 3577 sanum
1119 3506 1229 3579 etiam
1248 3508 1297 3581 iis

187 3612 365 3688 iudicium
378 3608 549 3685 adhibere
573 3610 615 3711 (t
636 3609 810 3708 Thetim,
837 3616 936 3710 tt),
969 3632 1006 3692 et
1025 3619 1115 3720 quid
1138 3621 1178 3695 iu
1200 3626 1295 3699 anti-

151 3740 154 3753 ’
187 3734 359 3863 quiorum
383 3728 526 3831 theolog
506 3757 631 3805 oorum
657 3733 810 3809 decretis
826 3734 1063 3839 scripturaes.
1082 3746 1293 3821 auctoritate

114 3866 118 3882 ·
188 3847 318 3923 rationi
344 3845 434 3924 bene
459 3847 624 3922 excultae
640 3848 792 3950 probata
807 3852 967 3928 telletum
981 3879 1054 3929 non
1074 3856 1115 3931 sit
1124 3863 1292 3963 ,exqui-

187 3989 267 4043 rere
293 3958 530 4039 consuescant.
