2709 4659
49 265 53 280 ,
169 161 179 272 ζ
211 217 282 284 ne
454 211 636 306 Parem.
691 209 869 302 ceam.
919 203 953 304 6.
979 215 1073 308 1⁵0,

598 407 602 420 «
689 391 721 494 t.
754 398 851 474 150.-

460 539 695 606 Doctrina
728 533 1065 629 ecclesiastica.

306 703 534 803 Distinguunt
550 704 591 777 in
614 689 744 788 scholis
769 699 979 802 theologicis
999 705 1165 798 gratiam
1187 701 1257 774 Dei
1281 707 1313 771 in

208 811 405 902 nniversam
422 803 476 904 (§.
497 803 581 904 76.)
604 821 640 878 et
653 805 807 906 gratiam
820 808 1046 897 salutarem,
1079 829 1172 908 quae
1193 803 1241 875 ad
1254 829 1314 902 ge·

205 909 301 982 neris
321 905 473 982 humani
494 906 641 981 salutem
663 934 728 1008 per
747 903 924 980 Christum
948 906 1142 982 restitutam
1164 904 1314 978 refertur

205 1009 302 1109 (Tit.
322 1025 356 1105 2,
378 1007 478 1108 11.)‚
505 1035 558 1109 gr.
583 1013 789 1106 afflctivam
810 1009 837 1081 l.
862 1009 1057 1082 voluntatis
1072 1009 1218 1082 divinae
1233 1032 1313 1105 pro

203 1113 406 1213 pensionem
423 1111 469 1184 ad
483 1109 647 1186 homines
669 1111 791 1185 felices
818 1109 1019 1185 reddendos
1044 1125 1080 1184 et
1101 1136 1156 1210 gr.
1181 1111 1314 1204 effecti-

204 1241 288 1286 vam
300 1213 326 1289 l'.
343 1213 457 1314 ipsam
471 1215 541 1289 Dei
557 1211 774 1305 efficacim,
809 1238 882 1312 qua
905 1209 1070 1287 hemines
1093 1213 1220 1286 felices
1234 1211 1314 1284 red-

203 1315 269 1390 dit.
306 1313 456 1408 'Quum
486 1331 607 1390 autem
637 1341 722 1390 vera
747 1313 906 1388 hominis
932 1314 1085 1390 felicitas
1109 1314 1179 1387 line
1205 1314 1314 1386 animi

204 1417 448 1516 emendatione
463 1417 608 1518 prorsus
623 1413 692 1490 elle
706 1431 871 1516 nequeat,
898 1417 1015 1515 gratia
1031 1413 1201 1491 effectiva
1216 1412 1313 1488 lenlu

203 1517 359 1617 quodam·
380 1519 555 1618 peculiari
578 1519 623 1609 de
658 1519 783 1592 divina
804 1517 850 1593 ad
880 1515 1045 1592 homiues
1076 1516 1312 1592 emendandos

160 1645 162 1650 ’
203 1617 361 1694 efficacia
386 1621 537 1711 dicitur,
573 1645 664 1722 (puae
681 1621 738 1693 vel
754 1625 964 1714 universalis
982 1619 1050 1718 (cf.
1066 1621 1148 1694 Act.
1172 1628 1232 1711 11,
1257 1633 1310 1693 16.

206 1735 263 1796 17.
301 1735 359 1816 17,
379 1732 555 1798 24—29.
588 1725 691 1798 Rom.
710 1739 745 1818 2,
775 1730 832 1796 14.
863 1718 962 1819 16),
993 1721 1052 1795 vel
1066 1726 1311 1818 particularis,

93 1880 95 1886 .
201 1824 274 1922 ige.
300 1819 391 1898 cum'
407 1823 570 1898 doctrina
597 1822 801 1922 evangelica
824 1825 1014 1898 coniuncta
1039 1827 1086 1898 eli
1105 1821 1160 1922 α).
1221 1829 1310 1918 Ope-

21 1959 25 1969 =
136 1999 142 2010 ,
202 1931 356 2011 rationeo
373 1932 519 2020 gratiae
542 1927 612 2000 five
637 1927 780 2027 spiritus
803 1923 830 2001 1.
856 1925 1082 2026 appellantur
1104 1925 1309 2000 effectaliu·

80 2087 82 2090 -
199 2027 303 2126 gula,
343 2028 476 2127 quibus
499 2031 596 2102 Deus
619 2043 683 2100 aut
701 2025 848 2128 spiritus
870 2029 897 2102 l'.
922 2027 1029 2102 modo
1042 2033 1310 2124 supernaturali

201 2125 444 2229 (operationes
459 2132 774 2226 supernaturales,
800 2129 1049 2224 immediatae,
1074 2128 1259 2228 internae)
1278 2145 1307 2202 et

201 2235 361 2300 natarali
385 2229 555 2330 (operatt.
586 2239 786 2326 naturales,
813 2231 1006 2326 mediatae,
1033 2230 1226 2330 externae)
1250 2257 1307 2334 per

173 2400 176 2408 ,
199 2331 318 2404 merlin
340 2332 473 2431 gratiae
496 2326 660 2408 homines
683 2333 850 2427 adducit,
883 2349 924 2407 ut
945 2333 1093 2408 salutem
1112 2337 1198 2438 iplis
1213 2333 1306 2408 obla

199 2449 274 2506 tam
290 2429 520 2532 cognoscant,
547 2437 726 2538 accipiant
741 2451 848 2534 atque
864 2434 1071 2509 conservent
1086 2435 1137 2536 ὅ).
1191 2442 1305 2510 Medio

200 2561 285 2609 vero
299 2541 445 2630 gratiae
459 2536 539 2609 lunt
554 2537 772 2612 adminicula
793 2560 855 2630 ea,
881 2537 1100 2637 quibuscum
1122 2540 1306 2614 coniuncte

199 2633 267 2709 elle
298 2651 445 2738 putatur
477 2636 622 2740 spiritus
653 2639 765 2714 lancti
789 2639 835 2711 ad
864 2637 1100 2715 emendandos
1122 2639 1306 2716 hominum

101 2815 104 2826 ‚
199 2740 337 2814 animos
359 2737 538 2834 efficacia,
572 2741 735 2816 doctrina
759 2740 895 2816 scilicet
917 2743 1121 2843 evangelica
1143 2761 1180 2818 et
1196 2745 1306 2820 teca-

196 2855 332 2914 menta.
381 2839 516 2916 Omnes
532 2844 755 2944 operationes
769 2843 906 2944 gratiae
929 2841 977 2916 ad
991 2847 1219 2948 quadruplex
1235 2844 1304 2944 lpi-

196 2944 286 3016 ritus
316 2942 342 3017 1.
370 2941 531 3017 officium
553 2945 772 3020 reseruntur:
809 2951 1014 3018 elencticum
1028 2944 1303 3048 (Wlfflll

120 3121 123 3127 ,
196 3042 505 3143 epanorthoticum
522 3043 852 3150 (ἐμανορθωτικόν),
879 3046 1108 3148 quospiritus
1123 3048 1302 3124 hominem

169 3146 389 3220 *ritiolltatis
412 3148 592 3222 convincit
615 3147 687 3247 (lo.
707 3163 765 3241 16,
794 3163 829 3224 8.
868 3149 1003 3224 eTim.
1030 3166 1071 3243 3,
1101 3151 1204 3250 16.)5
1250 3156 1302 3222 di-

195 3249 413 3342 dasccli‘cum
426 3246 727 3347 (adamicata),
757 3275 830 3350 quo
852 3253 896 3324 de
919 3252 1026 3325 modo
1042 3256 1078 3326 et
1094 3254 1301 3328 conditioni-

193 3347 262 3422 bus
291 3351 416 3424 'veniae
449 3367 677 3450 peccatorum
703 3351 969 3452 consequendae
992 3352 1156 3429 homines
1182 3356 1302 3430 edocet

194 3448 264 3548 (10.
288 3464 347 3544 14,
365 3466 400 3527 o.
431 3467 488 3545 1o,
515 3450 733 3551 13-15.);
763 3461 1013 3548 paenuriam
1035 3454 1302 3556 (neumate),

192 3579 265 3650 quo
287 3553 332 3626 ed
356 3554 517 3628 animum
543 3555 804 3628 emendandum
827 3554 992 3631 homiues
1016 3561 1153 3633 excitat
1178 3557 1299 3657 (Rom.

140 3751 143 3757 Ι
194 3663 309 3747 8,14.
347 3656 483 3732 aTim.
505 3666 540 3747 8,
568 3653 669 3754 16.);
706 3664 965 3751 paractericum
998 3659 1300 3760 (angariaverit),

190 3782 264 3854 quo
282 3755 447 3830 hemines
468 3757 692 3853 emendatos,
727 3761 867 3834 miseria
893 3761 1091 3864 opprell'os,
1122 3769 1187 3861 l'pe
1212 3767 1302 3836 ritae

189 3873 350 3934 aeternae
367 3859 485 3958 erigit.
513 3857 636 3957 (Rom.
658 3874 776 3952 8‚'16·.
795 3860 879 3961 26.)

291 3988 458 4060 ConleAng.
475 3989 509 4042 V.
529 4009 556 4062 p.
576 3990 616 4044 11.
653 3991 747 4045 Form.
763 3991 849 4049 Cone.
864 3995 925 4049 809.
941 3992 1002 4048 818.
1038 3994 1161 4051 Calor.
1181 3997 1253 4070 Syn
1267 3997 1298 4049 ll.

251 4071 465 4165 θαι-111181..
488 4075 524 4130 tlr.
552 4075 573 4130 l·
601 4075 694 4130 81811.
749 4077 986 4149 Baumgerteu
1011 4079 1226 4151 (quiquidem,
1256 4102 1297 4136 re-
