2709 4659
114 206 118 231 Ι
610 199 612 205 ,

176 280 215 325 νι
309 244 312 251 “
417 294 422 305 ·
626 246 830 342 Praefatio.

176 425 375 503 dialecticis
400 424 618 528 quibusdam
640 424 791 525 argutiis
810 437 846 494 et
862 420 1001 523 spinoso
1016 420 1207 499 disserendi
1222 446 1288 523 gc-

86 550 90 618 .’
175 572 261 621 nere
276 546 395 620 omnia
408 540 685 648 persequantur,
710 555 773 615 aut
794 539 948 640 denique
968 541 1112 635 mystica
1128 541 1289 643 quadmn

174 670 355 765 picoloyc'p
378 677 414 737 et
437 658 670 765 superstitiosa
692 673 854 734 veterum
876 656 1183 762 obsoletarumque
1205 662 1291 763 opi-

177 782 328 857 nionum
344 782 572 857 veneratione
589 780 710 873 ducti,
735 804 830 879 quae
844 780 1022 852 recentior
1038 794 1133 854 uetus
1148 796 1185 857 et
1200 806 1291 883 pro-

177 896 310 999 gressus
340 899 381 975 in
409 896 550 981 ortibus
575 922 618 971 ac
642 896 769 970 litteris
792 894 882 968 facti
905 894 1055 969 meliora
1080 895 1291 989 docuissent,

176 1012 235 1087 rel
256 1010 408 1114 superbe
430 1026 680 1104 contemnant,
705 1008 762 1106 rel
784 1022 931 1109 propter
952 1008 1067 1111 ipsam
1091 1012 1291 1087 novitatem

63 1234 64 1237 Ἴ
160 1131 219 1207 ‘in
240 1129 417 1205 invidiam
442 1128 631 1204 adducunt.

229 1369 235 1381 ‘
277 1358 321 1433 In
354 1357 480 1435 ordine
510 1384 631 1435 rerum
662 1372 896 1456 tractatarum
926 1358 1082 1435 libenter
1109 1360 1291 1461 equidem,

45 1468 48 1475 ’
179 1474 361 1551 nonnullis
377 1478 586 1552 criticorum
608 1474 916 1550 admonitionibus
936 1476 1131 1571 adductus,
1156 1474 1221 1552 hic
1242 1476 1294 1549 il-

167 1580 229 1667 *li‘c
249 1590 426 1691 quaedum
448 1590 725 1667 commntall'em.
776 1595 946 1666 Attamen
971 1619 1085 1694 quum
1109 1590 1173 1668 hic
1196 1592 1296 1667 liber

181 1709 375 1810 quinquies
383 1706 458 1782 iam
469 1708 586 1781 editus
595 1706 808 1781 academicis
822 1704 953 1782 scholis
966 1705 1146 1804 inserviat,
1160 1736 1294 1784 curan·-

74 1885 78 1893 .
181 1826 270 1901 dum
284 1842 378 1921 erat,
404 1842 446 1901 ut
465 1829 505 1900 in
525 1827 687 1928 capitum
702 1822 949 1901 consecutione
965 1840 1002 1899 et
1012 1852 1162 1901 numero
1178 1852 1294 1928 quae-

180 1942 238 2017 vis
254 1941 496 2045 discrepantia
509 1944 694 2017 vitaretur.
745 1942 874 2042 Neque
892 1944 933 2017 in
954 1942 1026 2016 alia
1047 1944 1297 2045 qualicunque

24 2090 27 2107 ·
122 2114 125 2121 -
181 2082 304 2135 rerum
321 2060 544 2161 dispositione
562 2059 663 2136 locus
687 2057 869 2155 destillet,
895 2086 942 2135 an
967 2061 1038 2135 alia
1060 2062 1298 2164 praeferenda

185 2174 287 2270 esset,
313 2176 515 2251 dubitandi.
566 2177 760 2252 Enimvero
783 2202 897 2278 quum
918 2178 1085 2279 plurimis
1098 2193 1135 2254 et
1149 2180 1298 2281 aequis-

150 2392 153 2399 Ι
183 2292 279 2365 limis
303 2288 435 2367 harum
458 2318 581 2368 rerum
605 2292 753 2368 arbitris
785 2294 971 2383 confilium
1001 2323 1124 2373 meum
1155 2300 1296 2434 proba-

50 2451 51 2459 ¹
182 2391 263 2489 ium
285 2410 387 2487 soille
411 2410 643 2509 vidissem,
630 2440 671 2487 ιιι
693 2411 764 2489 hac
789 2437 934 2515 quoqne
956 2440 1050 2489 nova
1073 2418 1193 2519 operis
1217 2404 1298 2492 edi-

106 2524 113 2538 ’
183 2526 282 2602 tione
309 2532 472 2623 primum
502 2527 651 2629 quidem
685 2527 888 2603 universam
917 2530 1082 2605 locorum
1114 2527 1298 2635 theologi-

186 2668 312 2720 corum
328 2643 480 2740 seriem,
522 2646 569 2720 ab
596 2649 766 2749 opinione
788 2648 975 2747 religionis
1006 2640 1223 2730 Cliriliianae
1255 2658 1299 2729 vi

185 2758 445 2861 sdpernaturoli
479 2764 685 2840 constitutae
716 2764 918 2869 suspensum
951 2769 1021 2845 live
1051 2770 1200 2866 systema
1223 2780 1299 2847 Su-

96 2935 98 2941 ,
183 2884 498 2973 pernumium,
540 2906 649 2981 quem
673 2880 815 2977 dicunt,
857 2884 903 2957 ad
928 2882 1120 2962 formulam
1149 2888 1300 2984 lymbo-

188 2993 299 3069 licam
324 2994 488 3070 ecclesiae
512 2994 759 3093 Lutberunae,
796 2998 999 3076 subiunctis
1018 3015 1139 3078 tamen
1163 3020 1202 3079 et
1223 3008 1299 3085 Re-

160 3106 423 3227 'formatarum
455 3112 703 3209 confeffionum
727 3115 895 3209 decretis,
942 3133 1107 3194 accurate
1131 3122 1299 3225 exposui,

86 3275 88 3286 ·
190 3230 335 3299 deinde
346 3252 451 3321 vero,
500 3228 709 3329 dogmatum
747 3230 964 3332 fiugnlorum
1004 3230 1150 3310 historia
1189 3254 1300 3340 atquc

189 3341 336 3436 censura
360 3342 539 3439 subiecta,
579 3346 737 3447 itemque
761 3345 887 3423 selecta
915 3349 1053 3451 ubique
1078 3356 1301 3455 optimorum

182 3456 367 3571 libiorum
388 3463 527 3537 ‘notitia
560 3462 702 3560 addita,
747 3468 934 3569 puriorem
968 3472 1079 3546 etiam
1111 3474 1301 3575 religionis

190 3580 375 3656 doctrinae
399 3596 528 3683 typum
551 3580 681 3681 (τύπον
702 3596 839 3687 διδαχῆς
859 3586 962 3661 Rom.
981 3602 1015 3682 6,
1036 3587 1118 3700 17.)
1140 3593 1302 3676 exhibui

192 3699 340 3773 omnino
369 3696 436 3773 libi
460 3698 673 3775 constantem
698 3718 735 3807 et
759 3730 807 3777 ex
832 3705 879 3779 iis
903 3702 1122 3806 potissimum
1145 3708 1302 3815 scriptu·
1283 3760 1309 3772 ··

192 3840 254 3889 rae
268 3807 386 3891 sacrae
401 3812 519 3889 effatis
528 3842 656 3917 ,quae
664 3796 827 3897 dilucide
849 3837 956 3923 atque
977 3821 1163 3926 perspicue
1186 3853 1301 3905 enun-

193 3931 288 4007 ciata
312 3932 464 4007 rationis
487 3873 666 4009 hdmauae
690 3936 831 4038 legibus
854 3942 971 4016 aDeo
995 3940 1073 4043 ipso
1097 3947 1211 4021 menti
1235 3976 1302 4023 no-

193 4048 281 4127 strae
302 4051 569 4159 inlitisloptime
592 4056 828 4151 conveniunt,
860 4072 1022 4155 erutum,
1048 4060 1302 4160 quoditatio-
