2709 4659
76 2530 84 2552 ⁸
213 2536 359 2594 naturae
373 2517 553 2593 humanae
570 2518 609 2590 in

226 201 299 276 882
484 199 673 284 Paralll.
728 198 815 288 cap.
840 202 874 270 1.
922 189 954 292 9.
980 211 1065 272 117.

226 402 277 432 ,,,,
290 382 373 429 mene
389 364 578 436 defamator
597 383 665 431 tunt
680 365 811 420 Gutert.'’
834 401 876 414 ---Ι
902 367 946 422 69.
969 367 1049 431 „Dte
1069 369 1174 424 Silnde
1190 372 1300 439 ut'gtfirl

226 490 259 514 .„
289 449 414 519 ousstaa
433 447 638 522 vollstdrtdigste
652 454 698 504 alr
714 449 925 522 Gesammttltot
945 457 1004 506 und
1020 453 1261 526 Gasammtscbutd
1272 461 1300 510 da

139 573 146 586 .
223 573 252 586 ..
289 553 400 602 genua
414 535 627 608 Gescltlcdtffl

701 689 849 794 §.tlt

480 845 483 853 '
575 839 961 932 Epicrisie.
1077 919 1082 924 κ

222 1021 242 1061 .·
262 1057 292 1094 r·
321 993 364 1066 la
382 987 585 1066 traditionis
600 987 786 1063 Molaicoe·
798 975 1006 1089 argumento
1025 987 1108 1064 sons
1123 990 1173 1064 eli
1193 993 1299 1091 praeei-

123 1149 127 1166 .
218 1119 312 1196 pune
327 1092 507 1166 daoninae
522 1089 722 1190 deorigine
738 1091 891 1192 peccati.
943 1091 1014 1165 Sed
1031 1093 1072 1166 id
1088 1091 1213 1194 ipsum
1231 1110 1260 1166 et
1275 1119 1299 1166 ea

239 1193 427 1282 *raelertim
443 1208 565 1293 aperte
578 1189 748 1287 myrham
765 1191 941 1294 produnt,
968 1217 1062 1294 quae
1077 1194 1299 1270 narranturle

158 1351 164 1364 .
194 1349 198 1354 ι
217 1223 296 1384 lieo
311 1309 512 1396 apparente,
532 1291 748 1386 ambulante,
768 1320 851 1368 cum
868 1294 1089 1398 protoplastis
1105 1297 1298 1398 colloquente

220 1422 351 1497 eosque
374 1395 557 1490 valliente,
597 1393 643 1470 de
666 1395 795 1470 arbore
810 1396 912 1469 ¹vitae
935 1413 970 1470 et
994 1397 1220 1472 discriminis
1239 1398 1299 1470 boni

218 1500 377 1600 malique
400 1483 555 1571 lelrovae
575 1511 611 1570 et
635 1497 823 1572 coelitibus
846 1495 1020 1573 reservata
1045 1498 1161 1598 (Gen.
1182 1515 1215 1590 3,
1233 1497 1297 1596 et),

217 1601 264 1678 tle
277 1594 436 1701 serpente
452 1599 590 1676 callidis
604 1598 726 1674 verbis
742 1597 939 1692 alliciente,
972 1601 1019 1674 de
1032 1605 1162 1701 poenis
1177 1603 1298 1702 serpenti

217 1720 256 1780 et
273 1701 483 1785 homiuibus
503 1699 652 1777 inflictis
669 1701 717 1774 ob
736 1701 907 1778 delictum
929 1699 1148 1780 leriffimum
1169 1703 1298 1804 gravili-

217 1807 306 1900 mis,
331 1831 423 1906 quae
438 1805 559 1907 potius
573 1827 640 1903 pro
653 1800 793 1876 effectis
807 1829 827 1876 e
843 1817 969 1877 natura
984 1819 1234 1880 creaturarum
1246 1805 1298 1877 illa-

216 1933 299 1982 rum
313 1908 413 1980 linita
426 1903 617 1979 necellaric
633 1904 844 1978 exoriundis
859 1901 1048 1980 habendae
1063 1905 1169 2000 litate
1196 1906 1299 2005 quibu

124 2036 130 2046 ·
215 2007 367 2110 scriptor
382 2007 520 2111 priscus
535 2033 584 2078 ex
598 2006 679 2097 aeri
696 2006 896 2081 incultioris
911 2007 1067 2107 ingenie,
1087 2009 1190 2110 quod
1204 2009 1299 2082 limilit

216 2109 368 2200 aliarrma
381 2111 543 2209 gentiunt
557 2111 757 2183 commenta
778 2109 935 2210 peperit,
960 2111 1140 2209 originem
1156 2111 1243 2186 mali
1256 2137 1298 2184 ex-

213 2214 351 2315 plicare
362 2213 520 2290 tentarit
536 2208 591 2309 θ).
643 2209 779 2292 Verum
798 2235 820 2284 e
842 2208 970 2304 mytho
990 2209 1091 2287 sacro
1109 2213 1213 2288 nulla
1232 2213 1299 2286 eine
1328 2237 1329 2266 ³

213 2313 500 2412 modi-dogmata
522 2314 561 2386 in
571 2335 683 2386 aerae
699 2311 882 2410 religionis
899 2313 1097 2388 doctrinam
1116 2313 1298 2418 recipienda

213 2415 314 2512 lunt,
339 2417 404 2490 nist
418 2439 510 2519 quae
532 2441 604 2487 non
610 2427 783 2588 pugnant
797 2439 881 2496 cum
896 2415 978 2488 idea
999 2418 1162 2492 numinis
1186 2431 1221 2494 et
1238 2442 1297 2492 can

636 2515 691 2588 ole
708 2515 854 2616 morali,
888 2515 1011 2617 quales
1033 2543 1054 2596 e
1075 2517 1147 2594 scri
1175 2513 1296 2594 torael

212 2619 330 2713 effatis
346 2616 557 2705 indubitatis
578 2642 621 2712 ac
641 2615 748 2712 lanae
768 2619 902 2694 rationi
917 2619 1142 2696 convenient‘
1172 2649 1214 2696 ns
1226 2633 1296 2696 recte

213 2715 681 2818 demonllmtaa‚li1arint(§.
701 2715 797 2816 26.)
842 2719 1087 2822 Quapropter,
1112 2723 1296 2824 lidogmata

209 2823 255 2898 de
336 2839 416 2899 cato
433 2824 581 2920 originis
595 2839 630 2894 et
647 2821 692 2894 de
709 2821 945 2922 imputatione
968 2827 1107 2924 peccati
1121 2821 1295 2900 Adamin'ci

210 2927 255 3000 ad
294 2952 359 3017 anc
373 2923 673 3026 legemexeveris,
689 2919 780 2996 haec
794 2925 954 2998 maxime
968 2925 1124 3000 tenebis:
1152 2933 1295 3003 Primum

206 3027 276 3118 {nec
292 3023 551 3130 benignitatem
563 2981 632 3098 bei
649 3023 865 3120 concedere,
881 3035 941 3100 'ut
955 3052 1021 3127 per
1036 3029 1143 3102 unius
1160 3027 1293 3106 hominis

179 3179 184 3191 ι
206 3146 393 3230 peccatum
408 3123 780 3225 unireadabominum
795 3142 923 3204 natura
938 3146 1195 3231 corrumpatur
1210 3146 1293 3228 atque

110 3249 114 3261 ·
205 3233 437 3332 depravetur,
472 3229 878 3330 neclapientiampati,
903 3245 1049 3330 utopna
1063 3233 1133 3305 Dei
1148 3233 1196 3308 ab
1209 3231 1292 3306 initio

205 3331 728 3451 praeliantillimisinllructum
752 3329 896 3405 dotibus
918 3331 1039 3432 paullo
1061 3333 1138 3434 post
1160 3335 1209 3408 ob
1227 3356 1292 3407 can-

203 3440 281 3510 lam
297 3435 503 3509 leviffimam
524 3435 562 3505 in
577 3433 683 3506 aliam
703 3430 809 3533 plane
827 3431 1111 3534 deterioremque
1134 3434 1290 3509 conditio

206 3551 287 3619 nem
308 3531 598 3628 transformetur,
633 3560 699 3609 nec
720 3531 888 3624 iustitiam
911 3533 1118 3631 admittere,
1150 3554 1191 3612 ut
1207 3539 1291 3610 inno·

203 3655 325 3726 tentet
339 3638 387 3712 ob
400 3640 557 3716 alienum
570 3652 757 3736 peccatum
773 3635 823 3709 ita
838 3638 1051 3736 puniantur,
1072 3653 1114 3712 ut
1123 3639 1289 3739 ,ipfispee

203 3741 310 3816 candi
331 3737 511 3816 neoellitas
532 3740 738 3838 imponatur
752 3735 803 3836 ὁ).
855 3744 996 3812 Deinde
1011 3738 1089 3812 lein
1104 3741 1211 3840 iplius
1225 3737 1289 3813 nal-

201 3843 278 3918 luin
294 3843 406 3918 exllat
420 3839 587 3925 effatum,
620 3865 694 3939 qno
711 3839 839 3940 dogma
855 3839 945 3912 illud
961 3841 1206 3934 confirmetur,
1237 3861 1289 3912 nec

118 3963 122 3972 ‘
202 3948 395 4046 quisquam
417 3943 629 4046 scriptorum
649 3937 688 4015 [l.
717 3957 860 4042 praeter
881 3940 1032 4016 Paulum
1056 3939 1184 4016 diserte
1208 3941 1288 4016 illito
1326 4029 1327 4034 Ἰ

201 4051 418 4132 mentionem
442 4047 548 4136 lecim
590 4044 664 4118 imo
692 4057 839 4142 naturae
863 4039 1041 4120 humanae
1069 4044 1143 4146 poll
1168 4042 1288 4146 lapsam
1326 4067 1327 4125 t
