2709 4659
148 222 222 278 ιιιι
597 207 801 301 Praefatio.

34 470 39 475 .
148 378 364 458 institutione
379 404 460 457 eam
481 378 611 457 ducem
634 376 909 483 officiorumque
933 384 1133 485 magistram
1154 382 1279 485 sequi,

119 505 122 519 '
148 497 247 569 Deus
270 492 345 598 ipse
367 522 432 572 nos
453 496 589 573 iubeat.
653 496 777 598 ltaque
799 523 1037 601 quaecunque
1058 502 1279 603 excogitata

76 640 77 644 ’
149 614 260 690 fiuent
272 618 425 713 positiva
445 616 532 692 fidei
553 614 739 716 religiosae
761 616 877 691 forma
884 674 896 711 ,
920 614 1091 695 hactenus
1115 620 1277 695 demum

150 732 299 835 probari
332 734 457 828 debet,
503 734 530 807 fi
562 758 647 807 vera
675 734 828 833 rationis
841 733 900 807 de
922 736 1094 836 religione
1118 737 1291 811 decreta⁴

151 874 234 924 oum
251 851 383 925 virtute
400 848 588 926 arctissime
604 851 816 943 coniuncta,
843 866 926 952 apte
950 867 987 927 ct
1009 854 1275 928 convenienter

10 1006 12 1019 ·
135 964 222 1039 suis
239 964 466 1073 dogmatibus
481 980 545 1040 aut
559 963 733 1060 symbolis
749 964 949 1041 adumbrat.
992 966 1138 1043 Nullius
1153 968 1274 1062 enim,

149 1078 227 1182 ipsa
246 1078 468 1183 scripturas.
493 1082 573 1157 teste
599 1078 750 1183 (Mirm
774 1096 809 1176 7,
828 1098 888 1159 21.
926 1095 987 1179 26,
1009 1082 1110 1161 mir.
1152 1086 1205 1160 Io.
1230 1093 1271 1177 4,

153 1210 214 1291 28.
241 1206 300 1275 24.
338 1200 579 1295 Rom.2,18.
621 1200 693 1276 lac.
718 1216 751 1307 ι,
775 1200 1084 1301 19.)„d0gmatis
1107 1202 1274 1305 pretinm

135 1317 191 1390 'ln
214 1314 249 1389 se
271 1314 349 1419 ipso
370 1316 433 1411 eit,
457 1315 521 1390 sed
543 1300 829 1447 unumquodque
850 1333 990 1392 tantum
1011 1317 1121 1393 habet
1143 1319 1273 1421 digni

150 1433 253 1527 tatis,
293 1447 426 1534 quanta
447 1432 496 1505 est
521 1434 599 1505 cius
620 1457 704 1507 oum
726 1432 859 1506 virtute
881 1449 918 1508 et
938 1459 1022 1507 vera
1047 1436 1181 1546 pietate
1202 1461 1274 1510 ne-

152 1545 321 1623 cessitudo
355 1563 390 1621 et
414 1549 651 1642 coniunctio,
683 1562 932 1649 quantumque
965 1550 1065 1626 valet
1094 1535 1142 1624 ad
1171 1552 1271 1627 bene

107 1748 111 1762 .
150 1662 326 1769 beataque
349 1665 555 1741 vivendum.
607 1664 733 1767 Nequ'e
754 1688 864 1765 porro
886 1667 1042 1765 cogitari
1061 1666 1173 1768 potest
1194 1668 1271 1743 alia

152 1790 264 1883 ratio,
299 1814 390 1891 qua,
422 1791 558 1864 mittun
578 1789 620 1863 ,in
640 1788 792 1868 modum
813 1790 929 1863 auctis
950 1792 1113 1865 omnium
1134 1790 1273 1867 artium

109 1972 114 2009 s
153 1928 196 1979 ac
217 1901 488 2004 disciplinarum
513 1904 763 1997 incrementis,
789 1902 973 2003 religioriis
995 1905 1182 1981 doctrinae
1204 1905 1272 1982 lna

109 2012 116 2043 ³
152 2020 292 2123 semper
323 2020 514 2096 auctoritas
540 2020 696 2095 constare
722 2018 846 2153 poffit3
891 2021 1087 2124 eademque
1113 2026 1174 2097 via
1198 2021 1271 2098 lro·

153 2141 269 2213 mines
289 2138 409 2213 Deum
432 2140 611 2240 optimum
632 2141 836 2214 maximum
859 2146 895 2218 iv
914 2142 1081 2233 πνιὺματι
1101 2174 1159 2219 και
1148 2144 1270 2239 ἅλη-

120 2332 128 2349 ,
152 2266 237 2363 θείᾳ
258 2257 473 2333 adorantes
462 2260 613 2359 impiam
629 2257 917 2333 incredulitatem
931 2256 1068 2376 pariter
1084 2281 1128 2332 ac
1141 2254 1269 2391 super·
1310 2331 1317 2348 ,

141 2370 346 2479 ditionem,
378 2392 551 2481 tanquam
574 2378 646 2453 dun
673 2375 833 2481 scopulos
862 2366 1064 2476 utrimque
1071 2376 1270 2456 imminen-

153 2508 227 2591 tes,
252 2494 426 2571 sacillime
447 2496 593 2629 evitant.
661 2528 663 2539 ,
785 2521 789 2532 ·
842 2502 847 2512 '

63 2816 71 2829 ‚
258 2728 487 2830 Quamquam
507 2728 619 2829 igitur
641 2728 681 2801 in
703 2725 786 2827 ipsis
807 2726 917 2799 totius
937 2725 1057 2827 operis
1076 2724 1266 2829 principiis

157 2862 193 2929 et
215 2846 457 2924 fundamentis
477 2844 572 2922 nihil
591 2860 687 2941 erat,
713 2842 812 2947 quod
834 2842 1049 2919 mutandum
1072 2843 1264 2940 videretur,

102 2968 107 2989 ‘
156 2985 219 3045 aut
241 2966 341 3071 quod
363 2966 409 3040 ab
431 2992 492 3075 ea,
529 2988 639 3079 quam
659 2964 898 3057 institueram,
937 2956 1126 3043 Marsuas
1147 2962 1206 3035 ria
1229 2976 1267 3037 et

42 3176 45 3183 .
151 3086 292 3163 ratione
315 3067 537 3177 recederem
575 3058 674 3158 baud
696 3105 810 3183 pauca
841 3094 988 3155 tamen
974 3078 1131 3182 reperi,
1173 3078 1265 3180 quae

156 3201 215 3279 rel
243 3200 444 3277 accuratius
453 3196 626 3275 dicenda
650 3196 778 3290 elscnt,
819 3195 877 3271 vel
901 3175 1094 3269 dilucidius
1116 3193 1266 3269 inlinere

157 3300 382 3420 explicanda.
449 3314 575 3417 Itaque
606 3340 722 3419 quum
751 3254 822 3388 liao
847 3310 960 3385 nostra
985 3323 1100 3384 aetate
1125 3309 1266 3387 exilite-

116 3495 120 3504 ,
146 3436 249 3531 tint,
265 3436 342 3539 'qui
357 3435 603 3538 principatum
624 3432 773 3508 rationis
796 3445 832 3507 et
846 3428 1047 3503 intellectus
1062 3452 1085 3501 a
1099 3428 1176 3503 Deo
1196 3426 1265 3503 ltn-

160 3579 286 3631 mnnae
304 3570 452 3631 naturae
476 3578 563 3658 prae
589 3554 717 3629 ceteris
742 3546 959 3625 animalibus
983 3540 1184 3621 oon‘cessum
1200 3570 1263 3648 pe

147 3689 242 3749 vrum
267 3668 504 3764 aestimantes,
548 3670 653 3745 nobis
678 3667 890 3768 religionem
914 3688 936 3736 a
961 3660 1108 3737 raucae,
1120 3658 1263 3793 prorsus

10 3846 11 3853 a
87 3874 93 3899 Ι
159 3786 314 3863 alienam
328 3784 520 3863 obtrudere
536 3786 685 3880 vellent,
709 3782 798 3857 alii
785 3796 874 3857 stem
888 3776 1041 3870 suerint,
1064 3780 1149 3878 qui,
1169 3774 1263 3881 sprc-

159 3903 208 3981 tis
226 3901 382 3979 'rationis
407 3903 626 4039 praeceptis,
661 3914 725 3977 aut
747 3898 795 3972 ab
816 3894 980 3972 obscuris
1000 3890 1172 3986 sensibus,
1205 3908 1263 3969 aut

86 4120 92 4123 -
161 4018 208 4097 ab
232 4005 357 4095 altiore
382 4016 538 4151 quadam
561 4018 673 4095 animi
695 4012 931 4115 conscientia,
956 4009 1013 4084 vel
1036 4011 1262 4083 irradiatione
