2709 4659
62 212 116 279 De
131 214 250 279 dr'vino
267 213 344 300 inst.
355 160 491 301 salatia
506 214 603 283 lcum.
616 218 721 305 pers.
734 216 814 283 cnr.
833 164 1060 307 raparcnilce.
1087 203 1160 293 tt'r

91 383 120 447 d)
141 379 504 461 Gerhartllrocdh3lll.
530 382 606 447 545„
638 382 700 438 eoll.
720 382 913 443 Formconc.
938 384 999 441 764.
1040 388 1159 443 Morus

125 462 276 520 sicmment·
291 468 319 518 in
335 467 396 536 epit.
423 466 456 522 ll.
481 461 515 521 43
530 466 543 521 s

532 599 679 711 §.lea

409 753 794 842 eprerrsrn.

153 857 360 973 Doctrinam
374 900 474 975 iliam
489 898 676 1001 probaturi
692 900 848 1005 theologi
859 912 1021 999 prienam
1033 909 1087 984 uti
1103 909 1157 981 so-

56 1001 124 1074 lent
151 1000 455 1100 argumentabor
479 1002 655 1100 generali,
694 1031 766 1104 quo
789 1005 936 1100 docent,
957 1003 1157 1103 ''idionrmm

56 1130 143 1202 (puae
156 1104 330 1204 scriptura
347 1102 372 1177 s.
389 1103 566 1181 Christum
582 1104 751 1204 accepisse
767 1105 920 1182 affirmet
937 1106 1084 1206 (Matth.
1098 1128 1157 1207 28,

59 1221 114 1281 ιε.
146 1203 242 1278 Phil.
259 1222 294 1298 o,
313 1220 464 1282 o-11.
498 1208 611 1304 neon.
632 1220 691 1299 1⁵,
708 1216 887 1285 oti-er.
914 1208 1000 1307 at),
1027 1237 1068 1285 ea
1087 1240 1168 1287 non
1221 1194 1233 1216 “’
1284 1304 1288 1311 ,

56 1308 246 1385 secundum
270 1322 435 1403 naturam
455 1308 635 1401 divinam,
668 1312 758 1410 quip
785 1337 917 1411 equae
940 1314 1076 1387 nullam
1098 1341 1159 1391 ec-

55 1408 236 1482 cessicuem
254 1410 438 1503 adnuunt,
471 1337 958 1491 led·teonn‹tun1l1umenam
979 1414 1082 1491 illum
1096 1442 1159 1491 ac-

55 1508 197 1609 cepisset,
239 1511 335 1584 unde
358 1511 596 1604 concludunt,
637 1512 809 1587 idiomate
838 1530 985 1591 naturae
1013 1518 1158 1593 alterius

55 1638 132 1685 cum
155 1615 266 1687 ultera
289 1610 355 1688 elle
377 1615 647 1689 communicata.
708 1620 847 1689 Deinde
869 1617 914 1693 ad
938 1645 978 1691 ea
1005 1618 1158 1721 scriptu-

55 1739 112 1785 rae
133 1711 159 1787 s.
189 1712 299 1788 effata
329 1730 544 1815 provocent,
587 1715 721 1814 quibus
754 1718 887 1817 singula
920 1720 1091 1795 attributo
1110 1736 1158 1815 et

51 1841 158 1915 opera
172 1818 297 1891 divina
309 1817 387 1890 Iesu
400 1816 541 1891 hontini
557 1818 669 1891 tribui
683 1820 848 1893 videntur
861 1815 914 1917 (ᾧ.
932 1818 1025 1921 et).
1053 1824 1159 1897 Haud

54 1918 169 2016 inepte
192 1925 343 2015 denique
366 1932 600 2012 monuerunt,
632 1918 820 2021 scriptores
834 1919 872 1997 ll.
891 1923 935 1997 de
952 1923 1089 1999 Chrislo
1104 1924 1169 1997 lo-.
1277 1976 1280 1981 -
1310 1936 1314 1951 '

54 2034 204 2119 quantes·
226 2022 409 2095 interdum
434 2024 568 2123 partim
587 2030 651 2121 τὴν
669 2028 779 2121 σάρκα
806 2037 842 2099 et
868 2031 907 2103 τὸ
930 2028 1158 2121 meritorius

53 2120 263 2221 distinguere
279 2122 401 2220 (Rom.
416 2139 449 2216 1,
467 2138 501 2198 8.
530 2138 565 2216 9,
583 2134 616 2198 6.
649 2124 770 2200 tPetr.
788 2134 823 2217 4,
838 2116 854 2201 s
861 2124 912 2223 .)‚
939 2131 1069 2227 partim
1084 2128 1159 2201 sor·-
1261 2136 1265 2152 '

53 2224 160 2297 molis
180 2227 257 2318 uti,
291 2252 445 2324 quarum
468 2225 559 2299 eliae
583 2223 644 2321 (ut
666 2232 813 2323 Ἰησοῦς,
847 2232 921 2315 υἱὸς
941 2239 1002 2305 τοῦ
1023 2231 1157 2329 ἀνθρώ·
1208 2306 1210 2309 ,

53 2322 140 2423 που)
158 2328 309 2428 proprie
331 2328 378 2401 ed
398 2326 593 2401 humanam
615 2328 693 2401 eius
710 2342 893 2418 naturam,
926 2328 1017 2401 eliae
1040 2328 1160 2427 (velut

53 2431 180 2526 κύριος,
207 2434 285 2517 υἱὸς
304 2440 365 2507 τοῦ
385 2428 492 2527 θεοῦ)
508 2429 554 2503 ad
566 2427 811 2503 sublimiorem
824 2427 1068 2528 (messionem)
1081 2433 1157 2505 eius

53 2528 264 2627 dignitatem
292 2531 412 2631 potius
440 2531 567 2603 referri
595 2529 733 2630 pollint.
793 2529 1009 2631 Quanquam
1039 2548 1158 2617 autem

53 2626 224 2722 formulae
241 2645 276 2704 et
294 2633 552 2706 enuntiationes
566 2632 647 2705 istae
665 2632 736 2704 line
753 2634 851 2704 omni
866 2647 941 2705 orte
964 2650 998 2707 et
1018 2632 1159 2709 subtili·
1242 2652 1264 2714 ¹,

53 2745 122 2805 tate
145 2728 397 2833 philosophica
420 2761 440 2805 a
465 2734 697 2833 scriptoribus
717 2732 755 2809 ll'.
778 2731 965 2834 usurpatae
991 2733 1107 2843 Ῑωιῒ,Ι
1126 2752 1160 2811 et
1191 2835 1196 2844 .

51 2833 100 2904 ita
123 2836 294 2933 quidem,
327 2850 369 2907 ut
392 2832 493 2909 snam
515 2835 561 2908 de
583 2838 661 2909 Deo
684 2861 755 2909 uno
778 2834 1035 2935 persuasionem
1059 2838 1160 2913 simul

52 2934 184 3009 sirenue
209 2925 485 3039 profiterentur,
527 2962 593 3011 nec
620 2962 710 3010 nora
737 2937 970 3036 inauditaque
994 2935 1178 3039 dogmata,

52 3037 208 3133 proferre
237 3038 441 3112 viderentur
460 3038 523 3139 ο);
565 3040 687 3138 negari
703 3054 833 3124 ,taurea
861 3040 1006 3141 nequit,
1042 3038 1159 3131 effatis

50 3164 171 3213 eorum
195 3138 247 3213 a‹l
267 3140 422 3214 litteram
438 3140 627 3216 intellectis
643 3140 776 3215 semina
792 3136 965 3240 quaedam
979 3142 1161 3217 doctrinae

49 3233 297 3317 ecclesiasticae
312 3241 535 3336 vere-inette,
557 3259 611 3336 et,
638 3245 770 3318 unione
786 3260 994 3321 naturarum
1008 3245 1046 3319 in
1056 3242 1161 3329 Chri-

52 3342 98 3413 tto
119 3346 253 3443 posita,
296 3344 465 3419 facillime
489 3346 848 3420 communicationem
871 3346 984 3417 etiam
1006 3347 1158 3419 idioma·
1209 3357 1213 3363 ”

52 3460 130 3518 tum
144 3448 231 3521 iude
247 3445 378 3520 deduci
399 3445 559 3547 potuisse.
612 3448 683 3519 Sed
701 3446 858 3543 universa
879 3444 969 3520 haec
988 3449 1159 3542 doctrina,

53 3548 170 3645 qualis
193 3575 214 3621 a
237 3546 412 3648 theologis
433 3575 498 3649 per
522 3564 574 3620 tot
595 3548 801 3622 discrimina
821 3574 941 3621 rerum
959 3548 1082 3639 sensim
1097 3549 1162 3623 sta-

52 3647 155 3722 bilita
174 3651 243 3744 esl,
276 3650 410 3723 nullius
432 3652 478 3723 est
498 3641 612 3747 frugis
635 3650 680 3721 ad
706 3672 826 3722 veram
844 3651 1018 3743 yirtutem
1041 3650 1162 3724 conse·
1235 3740 1240 3749 ι

55 3750 253 3846 quendam,
285 3752 360 3825 imo
376 3752 536 3852 exempli
550 3748 626 3824 lesu
643 3750 770 3827 Christi
794 3748 838 3824 ad
861 3752 1075 3827 imitandum
1097 3776 1163 3824 no-

55 3850 111 3925 bis
127 3854 299 3955 propositi
314 3855 389 3929 vim
405 3881 512 3953 quum
528 3854 687 3927 maxime
700 3852 864 3935 debilitat
873 3885 892 3947 3·
909 3869 1088 3955 praeterea
1104 3878 1162 3926 re-

54 3973 191 4052 pugnat
214 3973 251 4029 et
274 3956 379 4031 sanae
401 3955 532 4029 rationi
548 3952 586 4053 b)
610 3971 646 4029 et
666 3956 748 4029 aliis
769 3956 986 4056 quibusdam
1010 3955 1177 4057 scriptu·

53 4080 114 4128 rae
131 4059 157 4129 s.
177 4055 296 4155 effatis
312 4058 510 4132 certissimis
524 4053 577 4155 (ᾗ.
590 4056 673 4155 92.)
685 4088 703 4145 ε,
721 4083 829 4233 (popm
848 4058 894 4133 olo
915 4082 990 4131 ram
1006 4060 1163 4158 integrae

104 4168 158 4223 Ed.
180 4168 245 4224 Vt
432 4190 438 4208 ·
980 4168 985 4179 '
1070 4194 1094 4215 ¹.
1116 4172 1125 4218 1
