2709 4659
133 291 137 303 ,
189 254 253 303 ιιιι
643 226 849 319 Praefatio.

92 372 98 395 ⁸
154 388 314 501 ¹petent
346 394 542 475 eiusmodi·
557 396 807 482 auctoritatem
840 387 958 509 denuo
997 401 1184 503 amplecti,
1227 426 1302 487 non

188 514 324 617 pollent
354 515 395 591 in
428 528 527 591 tante
552 515 769 615 cognitionis
803 529 951 591 naturae
975 516 1055 591 luce
1079 533 1117 591 et
1139 518 1302 618 antiqui-

20 662 21 669 *
100 643 103 651 '
187 636 272 712 tatis
302 636 440 737 pariter
472 620 586 735 atque¹
614 633 732 715 omnis
760 631 927 709 historiae
958 635 1096 709 notitiis
1117 634 1302 734 infigniter

77 762 79 768 ‘
104 744 114 758 ’
186 750 366 829 illustratis
390 764 428 827 et
452 750 675 852 amplificatis
700 750 898 843 caecutire,
926 750 991 825 uili
1012 752 1078 853 ipfi
1095 750 1226 825 vellent
1241 750 1301 825 vel

185 864 393 943 meticulosa
431 864 589 967 q'urdam
623 866 738 939 enimi
771 865 954 941 anxietate
979 881 1015 941 et
1039 864 1299 960 imbecillitate,

187 984 246 1059 vel
264 974 392 1086 pravis‘
403 980 502 1057 ndeo
526 980 788 1085 cupiditatibus
808 981 958 1058 abducti
977 980 1098 1074 oculos
1112 981 1181 1058 fibi
1192 1009 1299 1086 prae·

185 1101 364 1209 llringere.
417 1098 551 1175 Multas
575 1113 738 1175 veterum
757 1097 870 1177 fallas
894 1101 1082 1201 opiniones
1102 1100 1178 1177 dies
1200 1102 1299 1177 dele-

184 1223 239 1299 vit
263 1247 306 1298 ao
329 1218 506 1297 radicitus
526 1218 759 1331 exilirpnvit3
786 1235 936 1297 naturae
960 1235 997 1295 et
1020 1218 1125 1295 lanae
1146 1220 1297 1295 rationis

181 1318 321 1423 iudicia
344 1318 582 1417 confimarit
642 1340 803 1441 Atque
790 1367 830 1415 ιι
854 1338 927 1417 hoc
948 1338 1025 1474 ipso
1049 1338 1297 1417 admirabilem

139 1416 149 1587 l
178 1458 253 1537 Dei
275 1458 353 1531 vim
377 1471 415 1533 et
438 1455 637 1533 efficaciam
655 1455 899 1558 agnoscimus,
920 1457 1008 1559 qui,
1030 1459 1126 1534 utin
1141 1456 1295 1576 artibus,

140 1598 275 1680 quae
295 1574 341 1648 ad
364 1587 559 1659 externum
581 1574 677 1649 vitoe
702 1572 841 1650 cultum
859 1571 1040 1676 spectent,
1080 1600 1154 1661 non
1177 1562 1295 1667 coriti-

144 1707 255 1767 ιιο
279 1686 492 1768 hominibus
516 1704 645 1767 cuncta
670 1688 821 1785 tribuit,
847 1688 911 1765 led
933 1690 1060 1766 sentim
1081 1717 1148 1792 per
1165 1706 1221 1767 tot
1236 1688 1294 1765 se-

146 1776 262 1883 cnla
286 1832 347 1883 eos
371 1806 554 1897 exercuit,
579 1806 714 1903 „curis
736 1831 868 1883 acuens
882 1806 1048 1915 mortalia
1068 1805 1188 1901 corda,
1213 1807 1294 1885 Nec

180 1936 323 2033 torpere
347 1947 452 2023 gravi
442 1920 587 2031 pullus
607 1920 670 1997 sua
692 1947 805 2022 regna
828 1908 1020 2016 veterno’';
1011 1923 1126 1997 ·fic
1113 1926 1294 2025 mccgni-

146 2071 148 2100 =
179 2040 278 2115 tione
308 2066 434 2118 rernm
465 2040 671 2115 divinarum
701 2054 810 2141 atque
853 2039 1054 2115 coelestium
1085 2038 1211 2117 sensim
1246 2068 1294 2119 ac

147 2156 400 2289 pedetentim
425 2154 540 2229 voluit
569 2153 737 2231 mortales
759 2154 808 2229 ab
831 2152 1090 2231 humilioribus
1114 2157 1161 2231 ad
1183 2157 1294 2262 lupe-

178 2274 278 2351 riore
301 2270 517 2374 perducere,
548 2294 621 2345 non
643 2270 686 2351 in
707 2263 852 2366 eodem,
879 2297 990 2373 quem
1013 2271 1207 2372 aliqnando
1230 2290 1294 2349 ιι-

148 2369 358 2494 tigerunt,
383 2386 599 2488 cognitionis
616 2410 744 2488 campo
766 2384 910 2487 angusto
932 2386 1154 2462 crudeliter
1140 2416 1182 2463 ιι
1201 2418 1292 2492 pen

104 2501 328 2613 ipetuurn
351 2508 553 2599 continere,
579 2520 614 2580 et
637 2507 665 2581 ιι
690 2506 822 2581 veritas
850 2504 1013 2579 laborare
1039 2505 1241 2585 videatur
1227 2536 1292 2583 tn-

104 2567 339 2754 lterdmn,
365 2625 535 2719 eandem,
562 2649 672 2723 quam
693 2623 842 2725 quidem
861 2620 938 2725 ipse
952 2648 1055 2761 regni
1045 2622 1183 2697 divini
1198 2651 1291 2701 con-

154 2744 273 2823 dito'r
297 2760 334 2819 et
358 2743 480 2819 verbis
503 2756 540 2817 et
564 2742 669 2819 lactis
699 2738 770 2821 tuis
791 2758 865 2819 tem
891 2746 1043 2879 egregie·
1057 2746 1292 2823 commenda-

151 2774 317 2971 lvit(lo.
338 2878 396 2957 18,
415 2876 475 2939 st
501 2860 583 2937 coll.
604 2875 636 2939 t.
664 2860 1293 2967 Tim.6‚1t.),omu1noexilmgur

52 3058 54 3066 ,
137 3010 278 3100 nunq
280 3008 366 3057 uam
396 2982 563 3113 ριιιιιρι
630 2978 753 3081 Atque
778 2980 886 3081 ipfius
905 2986 1213 3079 Proteflantiemi,
1250 3002 1293 3061 et

177 3102 257 3177 eins
253 3011 430 3205 qquidem
454 3097 533 3171 veri
561 3118 605 3171 ao
629 3097 779 3195 genuini
806 3092 994 3198 (ιιι),
1039 3100 1292 3180 consiliumet

176 3214 339 3315 officium
363 3214 428 3317 eil,
454 3240 523 3289 con
524 3210 696 3287 sensum
683 3240 724 3289 ιι
746 3214 931 3314 religionis
952 3214 1106 3291 decretis
1127 3242 1200 3291 non
1215 3218 1291 3295 ali-

175 3350 248 3428 ter,
291 3332 363 3435 nit,
384 3270 488 3407 saitae
521 3330 669 3419 rationis
699 3330 911 3410 hominibus
939 3331 1060 3408 inlitae
1082 3335 1290 3414 luminibus

175 3452 355 3551 acccnlis„
371 3451 561 3555 perficere,
586 3452 627 3526 in
650 3450 697 3525 iis
720 3476 825 3545 vero,
856 3476 949 3553 quae
969 3451 1018 3525 ab
1038 3478 1081 3525 ea
1105 3478 1178 3527 nou
1200 3452 1290 3557 ροι-

174 3570 256 3649 ιιιιι
270 3571 377 3647 cerus
398 3568 676 3670 firmillimisque
690 3571 910 3670 argumentis
922 3568 1083 3664 stabiliri,
1108 3570 1166 3645 vel
1187 3598 1288 3672 quae

173 3689 339 3766 idearum
370 3686 416 3762 ad
439 3686 648 3787 religionem
667 3687 935 3790 pertinentium
958 3687 1058 3787 qnafi
1082 3684 1288 3765 velamenta
1337 3783 1338 3792 ρ

133 3826 143 3908 ζ
173 3822 211 3907 et
239 3806 444 3901 involucra,
488 3804 637 3906 quibus.
654 3822 691 3881 et
721 3804 799 3907 ipsa
822 3806 949 3909 purior
969 3806 1134 3881 doctrina
1158 3830 1286 3886 carere

173 3926 320 4001 omnino
346 3922 489 4022 nequit,
512 3919 689 3997 exhibere
711 3923 899 4019 uidentur,
923 3924 1136 4027 opinionum
1159 3927 1283 4001 varie·
1334 3995 1337 4028 ,

173 4056 283 4119 tatem
305 4064 350 4127 ac
370 4040 647 4141 discrepantiam
670 4040 822 4115 tolerare
853 4056 890 4117 et
922 4039 1135 4135 concedere3
1176 4042 1282 4141 adeo,
1334 4101 1335 4142 ρ
