2709 4659
134 272 138 280 -
212 246 287 314 eso
440 244 535 312 Ρ...
559 243 629 354 ur.
677 241 770 364 rap.
792 243 863 312 ιιι.
913 230 1057 334 §.1525
1128 289 1133 296 .

190 409 468 513 ttpriescendum
495 411 562 488 else
585 410 786 506 censemus,
819 414 937 488 Deum
958 437 1031 486 non
1058 409 1169 485 modo
1191 392 1333 484 virium?

212 513 391 590 humanae
413 517 543 590 mentis
565 529 601 590 ct
624 514 712 614 legis
727 515 873 590 moralis
888 516 1009 588 eninm
1023 514 1123 617 quali
1136 511 1315 614 inscriptae

215 614 338 716 (Rom.
357 631 392 709 2,
413 615 493 718 15.)
508 618 547 689 in
563 615 787 711 universum,
813 632 850 690 et
866 616 978 713 modi,
997 642 1078 792 I(suo
1098 616 1256 718 quisque
1269 611 1316 687 his

130 767 133 774 ·
213 717 442 794 s'ucultatibus
464 719 651 810 instructus
677 718 742 814 esi,
775 736 958 794 auctorem
977 746 997 792 e
1023 719 1170 820 batque
1187 713 1334 793 conscr-¹

213 835 392 914 retorem,
417 815 605 896 sedetiam
625 819 762 896 sontem
778 823 894 896 omnis
916 821 1012 896 illius
1027 819 1232 912 efficaciae,
1258 845 1316 920 qur

215 921 414 998 Christiana
433 923 561 1024 religio
583 922 676 997 bene
693 923 871 997 intottecu
893 922 940 997 od
958 924 1049 997 recti
1070 922 1238 1022 bonique
1262 924 1317 993 lin

212 1024 316 1100 dium
331 1027 468 1101 animos
487 1025 623 1102 excitat
642 1051 774 1126 eosque
794 1023 855 1127 spe
871 1051 914 1100 ac
936 1020 1060 1100 solutio
1082 1025 1235 1126 implet;
1267 1021 1317 1095 de

65 1139 120 1194 ·..
175 1209 179 1226 .
212 1128 323 1228 nique
344 1111 462 1228 ipsum
486 1127 603 1201 Deum
625 1151 747 1201 rerum
768 1125 997 1228 physicorum
1018 1153 1132 1226 neque
1149 1150 1195 1202 uc
1211 1149 1318 1198 morte

212 1229 304 1304 lium
320 1226 498 1302 sumntum
515 1245 697 1303 auctorem
714 1229 1039 1323 ecmoderatorem,
1071 1228 1118 1302 nd
1133 1253 1248 1328 quem
1263 1225 1318 1300 bo

212 1357 274 1407 mo
288 1355 370 1404 vern
385 1331 517 1432 pietate
532 1331 694 1405 imbutus
708 1317 814 1435 supro
830 1330 1016 1408 causarum
1030 1329 1318 1404 intermediamn

212 1459 352 1508 nexum
365 1431 559 1534 exsurgens
582 1431 766 1527 evehitur,
799 1433 989 1532 largissime
1006 1429 1181 1534 praebere
1197 1455 1319 1534 oppor-

213 1536 380 1611 tunitates
395 1551 430 1610 et
443 1537 696 1628 incitamenta,
721 1535 856 1636 quibus
870 1535 998 1636 singuli
1011 1533 1198 1629 homines,
1226 1534 1317 1606 salvis

213 1637 362 1738 quidem
384 1637 525 1738 legibus
548 1652 583 1711 et
605 1636 763 1740 physicis
780 1653 816 1711 et
831 1637 1029 1711 moralibus
1041 1662 1063 1709 a
1075 1639 1156 1710 Deo
1172 1635 1254 1738 ipso
1272 1637 1317 1708 in

212 1739 338 1833 slituti,
364 1738 410 1812 ud
424 1727 624 1814 doctrinum
639 1740 738 1812 illam
755 1737 1035 1839 cognoscendum
1050 1741 1205 1844 eiusque
1222 1737 1318 1811 bene

211 1841 377 1918 liciorum
394 1841 551 1916 fructum
568 1841 842 1943 percipiendum
858 1839 1083 1916 adducuntur
1097 1839 1149 1939 ὃ).
1204 1839 1318 1915 Omnis

211 1945 324 2043 igitur
346 1939 390 2018 de
412 1947 527 2044 gratia
548 1938 670 2016 divino
695 1941 891 2045 disputatio
910 1945 1044 2018 rectius
1059 1943 1105 2015 od
1121 1941 1316 2016 doctrinan

212 2047 258 2120 de
266 2045 490 2147 providentia
502 2045 745 2146 Deistngulari
753 2059 789 2118 et
798 2043 973 2120 concursu
979 2039 1197 2142 refertur(§.
1210 2043 1315 2142 111).

212 2147 319 2244 Quod
342 2163 463 2222 cutem
484 2149 583 2220 omni
605 2163 766 2248 tempore
788 2162 843 2222 tot
861 2145 1025 2233 homines
1047 2173 1120 2221 non
1142 2149 1211 2220 lira
1226 2147 1316 2247 culpa

85 2283 88 2286 ·
212 2275 318 2323 verae
344 2249 528 2350 religionis
552 2247 767 2323 Christianae
795 2251 923 2324 notitia
948 2249 1006 2323 vel
1037 2246 1184 2352 prorsus
1207 2275 1317 2322 corne

213 2364 318 2446 runt,
350 2351 409 2426 vel
434 2374 560 2426 manco
583 2365 693 2452 utque
717 2349 928 2452 imperfecto
947 2365 1088 2426 tantum
1105 2350 1265 2442 imbuti,
1286 2375 1317 2422 oc

213 2442 363 2557 proiuile
380 2453 490 2528 etiem
503 2455 580 2527 eius
596 2453 717 2527 sructu
734 2453 890 2529 destituti
905 2452 1007 2530 funt:
1039 2455 1118 2527 eius
1134 2454 1194 2527 rei
1213 2451 1317 2527 censos

213 2557 312 2632 Deus
327 2553 421 2630 solus
442 2555 629 2656 intelligit,
656 2557 719 2656 qui
744 2581 790 2655 pe
803 2582 914 2655 quem
926 2552 1038 2630 buius
1052 2556 1149 2630 vitoe
1165 2555 1317 2630 cancellis

213 2657 326 2732 uninti
342 2649 493 2732 humani
506 2655 704 2733 efficacium
718 2581 817 2731 bend
833 2655 1138 2758 circumscripsisse
1152 2673 1254 2732 recte
1266 2657 1317 2729 sio·

213 2761 359 2834 tumus.
421 2758 539 2856 Quem
589 2761 771 2862 uicunque
794 2761 855 2862 pie
878 2774 1087 2852 veneratur,
1117 2761 1174 2854 is,
1200 2759 1316 2834 omiffis

212 2859 477 2964 quaestionibus
500 2786 690 2964 quibusvis
712 2861 850 2964 argutis
870 2877 978 2962 atque
992 2859 1315 2964 inexplicabilibus

212 2961 525 3066 praesentissimam
549 2961 695 3066 quidem
710 2965 780 3036 Dei
803 2965 879 3037 vim
896 2979 932 3037 et
947 2988 1095 3065 operum
1110 2962 1316 3038 salutiferam

212 3071 252 3140 iu
267 3063 394 3140 morali
407 3067 494 3140 licut
513 3067 553 3139 in
595 3063 717 3160 hylico
734 3090 856 3141 rerum
871 3063 996 3139 ordine
1012 3065 1317 3167 exspectabitur

213 3193 284 3268 que
307 3183 427 3242 tamen
450 3168 531 3242 ideo
554 3093 739 3243 sicultntes
768 3183 805 3240 et
836 3168 1068 3241 incitamento
1090 3167 1140 3241 etl
1171 3169 1317 3245 animun

212 3267 476 3362 emendandum
496 3269 562 3370 ipsi
589 3267 813 3370 suppeditata
838 3285 971 3343 temere
994 3268 1174 3370 negliget3
1209 3271 1316 3345 velde

125 3453 128 3460 ,
211 3373 258 3448 iis
278 3373 412 3473 optime
429 3373 474 3446 ad
492 3370 594 3445 usum
608 3371 807 3468 translatis,
834 3385 1006 3476 tunquam
1020 3371 1066 3446 de
1082 3373 1315 3472 tingatur-ilo

206 4233 208 4241 .

289 4359 293 4368 .

23 4345 125 4640 h
169 4594 173 4609 '
283 4597 289 4608 ⁸

211 3475 359 3569 merito,
386 3473 601 3576 gloriabitur
618 3471 677 3574 ὕ).
984 3565 988 3573 1

245 3635 275 3704 a)
295 3621 603 3690 Junekheim‘rom
618 3635 819 3691 Ueseruatrlrl.
833 3637 873 3690 r'n
885 3640 914 3693 d.
929 3636 1242 3709 Gnadeuwzblunem.
1273 3639 1315 3693 sel

281 3723 358 3780 1775.
393 3723 577 3779 Eberhard
593 3725 680 3792 Apol.
696 3728 726 3780 d.
738 3723 881 3780 Socrates.
899 3723 922 3780 s.
944 3723 1036 3779 1901t.
1062 3722 1100 3780 ll.
1119 3724 1176 3782 387
1189 3725 1223 3782 ff.

243 3845 272 3913 u)
293 3839 415 3896 uento
437 3821 496 3898 ul.
516 3841 562 3896 ou.
584 3841 649 3897 οι...
674 3842 738 3898 216.
784 3836 856 3899 Aru.
875 3841 1067 3914 Νίκη...
1084 3839 1192 3914 nasse
1214 3843 1316 3900 anu.

279 3926 530 3994 Religionslebrer.
548 3922 596 3978 tlt.
621 3921 673 3998 Ep,
690 3928 722 3982 11
734 3924 754 3982 s.
772 3927 817 3981 21.

202 4034 268 4129 ⁸3⁶)
289 4033 477 4112 Nietuey'er
494 4037 599 4132 rapu,
609 4056 637 4094 u.
649 4039 747 4108 prasus.
763 4040 859 4096 mot.
883 4041 960 4098 Μ.
977 4059 1007 4114 p.
1021 4040 1075 4097 483
1088 4041 1123 4096 tt.
