2709 4659
140 900 556 999 rflnonoomn
590 896 1015 1049 noemamcnn
1123 874 1132 989 ζ

162 1068 696 1159 ·›,m1’‘ARstv.
806 1093 912 1107 ··

32 1248 109 1329 De
149 1244 339 1333 rebus
382 1246 513 1364 post
557 1232 825 1333 mortem
862 1246 1138 1341 futario..

1040 1398 1048 1413 1

1069 1434 1079 1445 ⁸
1127 1438 1143 1486 ·
1171 1447 1175 1455 ι

349 1510 371 1591 Ἰ
446 1506 631 1567 Ctror
680 1504 705 1563 l.

158 1634 220 1703 nn
247 1638 362 1707 vrri
390 1640 504 1709 eosr
532 1638 725 1709 nonmtt
751 1600 1019 1731 armanum·

503 1826 538 1931 t.
569 1836 654 1909 189.

298 1982 854 2054 Prooemium.

32 2070 110 2239 Ut
136 2144 238 2220 ntae·
258 2144 437 2223 humanae
457 2148 545 2223 verax
567 2150 661 2224 ratio
690 2164 798 2251 atque
819 2148 976 2251 dignitas
1001 2147 1132 2231 eonllet
1237 2216 1242 2223 .

32 2248 191 2349 nonalia,
217 2264 253 2323 et
267 2248 375 2325 homo
390 2250 574 2327 benefieiis
591 2279 657 2353 per
672 2252 883 2353 religionem
899 2248 1131 2327 Cltrillianam

32 2352 89 2453 pst
115 2346 248 2455 ohlalis
270 2352 344 2426 frui
366 2367 492 2451 queat,
525 2352 737 2439 immortalis
758 2354 801 2432 tit
814 2350 947 2444 necelle
963 2352 1007 2425 eil
1014 2408 1026 2445 ‚
1051 2354 1078 2430 i.
1096 2380 1130 2429 e.

32 2458 76 2526 lta
101 2452 241 2545 factus,
267 2468 307 2528 ut
331 2456 472 2529 animus
496 2457 574 2529 eius
599 2470 714 2531 morte
732 2480 754 2529 a
769 2480 919 2555 corpore
937 2453 1131 2554 separatus,

32 2552 81 2628 tui
97 2552 280 2649 conscius,
312 2556 550 2648 inaeternum
574 2556 641 2633 elle
654 2571 782 2658 pergat
793 2582 908 2657 eaque
923 2556 1016 2631 sorte
1029 2556 1131 2632 frua-

32 2680 104 2750 rrr,
140 2656 179 2728 in
202 2656 337 2756 qualit
361 2655 857 2733 iolla'huiosvitnemerees.
916 2656 1132 2732 Immortali-
1186 2730 1190 2736 .

32 2760 109 2833 :atis
134 2758 248 2833 animi
268 2784 310 2833 ao
327 2759 395 2833 Dei
412 2760 580 2859 cogitatio
599 2758 788 2835 arctissime
798 2760 928 2833 'innota
944 2782 1049 2833 verae
1064 2761 1131 2833 eu·
1185 2768 1192 2775 '
1222 2832 1228 2856 l
1284 2754 1291 2763 ’

32 2862 157 2961 [usque
173 2860 357 2959 religionis
372 2861 643 2937 fundamentum
661 2862 708 2935 est
725 2862 936 2963 primarium
952 2858 1006 2961 θ).
1058 2860 1131 2937 Setl

32 2964 153 3063 npinio
168 2987 229 3055 ea,
263 2964 347 3039 licet
362 2990 446 3039 cum
462 2962 673 3065 ipsa‘animi
690 2979 815 3037 natura
837 2978 872 3038 et
886 2989 969 3037 eum
984 2960 1133 3059 summis

32 3064 187 3139 ltominis
200 3063 340 3138 viribus
354 3080 462 3165 atque
478 3065 657 3140 delitleriis
669 3066 801 3145 intimo
818 3062 1006 3140 cohaereat
1019 3060 1132 3159 nexa,
1190 3090 1193 3099 ·

32 3184 62 3243 et
79 3165 223 3259 onnnia,
250 3174 484 3267 quaecunque
500 3169 574 3265 agit
590 3168 788 3267 toleratque
801 3190 844 3241 oe
858 3167 994 3269 l'perat,
1017 3167 1056 3242 vi
1072 3164 1134 3240 lua

32 3269 179 3362 alliciat,
206 3266 302 3341 nulla
319 3283 437 3342 tamon
455 3270 583 3343 nititur
597 3270 891 3343 demonstratione
905 3270 1134 3369 geometrica,

32 3399 95 3447 nec
111 3370 209 3446 clara
226 3370 371 3445 scientia
380 3428 392 3465 ‚
418 3372 552 3471 quippe
574 3396 666 3473 quae
684 3368 890 3443 hominibus
906 3396 927 3443 a
942 3368 1136 3473 provitlen-
1196 3381 1199 3393 '

32 3476 78 3551 tia
105 3472 184 3579 ipla
207 3471 378 3571 denegata
403 3475 587 3566 videatur,
612 3470 672 3547 led
697 3499 795 3546 mera
815 3470 907 3562 fide,
932 3498 1025 3571 quae
1050 3474 1135 3573 qui-

32 3578 113 3651 tlem
131 3578 349 3674 argumentis
364 3589 401 3648 et
422 3580 597 3671 historicis
611 3590 647 3649 et
665 3578 922 3672 philosophicis
945 3572 1136 3672 (theoreti-
1182 3590 1191 3600 ‘

32 3679 80 3754 ris
96 3691 133 3751 et
148 3675 337 3779 practicis)
356 3672 408 3775 (ᾗ.
425 3675 530 3776 194.)
548 3678 594 3751 od
607 3676 779 3750 summam
795 3676 1013 3775 evidentiam
1027 3672 1134 3749 evehi

32 3779 161 3883 potest:
207 3778 288 3873 Quo
313 3782 428 3881 magis
450 3794 569 3854 autem
593 3776 683 3853 haee
704 3778 879 3880 perluafio
899 3778 985 3853 facit
1004 3776 1049 3849 ad
1068 3800 1134 3849 re-
1209 3818 1214 3825 ·

32 3908 111 3957 ram
135 3881 342 3978 religionem
351 3902 367 3974 ‚'
394 3882 563 3955 virtutem
586 3897 622 3955 et
640 3881 954 3979 tranquillitatem,
988 3905 1030 3952 eo
1047 3878 1134 3952 dili-

32 3985 174 4085 gentius
195 3986 235 4056 in
260 3985 389 4057 animis
413 3980 601 4067 hominum
626 3982 781 4068 excitari
803 3998 909 4079 atque
930 3979 1135 4055 confirmari

32 4086 156 4180 debet,
189 4086 379 4161 adiuvante
401 4086 618 4187 potilllmum
641 4085 816 4185 religione
838 4082 1052 4177 Christiana,
1075 4097 1135 4211 ui‘
