2709 4659
199 262 269 327 ’88
447 196 715 346 Ρνι.)ἱιςοιηεηά.Ι
769 254 884 345 Caput
899 255 931 323 Ι.
982 244 1014 347 §.
1040 264 1106 327 10.1
1202 290 1216 313 ιθ

221 426 361 501 etcum
382 428 542 501 numinis
559 427 674 501 divini
695 426 892 509 virtutibus
912 425 1006 501 bene
1026 424 1217 503 conciliari
1240 422 1335 527 polle

222 526 343 629 (quod
353 530 620 627 poffibilitotem
634 531 711 603 eius
725 528 848 605 dicunt
862 534 1016 625 logicam
1022 584 1035 618 ,
1056 530 1335 625 matopbyficam

170 642 173 649 ’
223 643 260 703 et
279 628 489 729 morokm),
522 630 758 733 comprobare
780 630 1003 725 studuenrnt,
1036 632 1264 731 argumentis
1286 630 1335 703 nli

160 792 164 799 .
222 746 386 807 enatura
402 734 491 828 Dei,
523 730 684 809 hominis
704 747 814 835 atque
835 758 977 827 rerum,
1002 758 1097 833 quaa
1112 731 1335 824 revelantur,

171 922 175 929 Ι
222 846 259 908 et
274 834 397 927 modo,
417 846 490 937 quo
506 832 787 937 cognoscuntur,
808 835 1023 937 depromis,
1048 858 1115 909 nso
1129 835 1258 908 minan
1275 864 1335 907 nc·

223 939 410 1035 oeffitotem
427 938 504 1013 eius
520 942 719 1036 absolutam
742 964 762 1011 e
786 952 934 1014 naturae
955 938 1182 1037 rationisque
1204 932 1335 1011 huma-

222 1061 311 1132 nae,
345 1065 410 1139 per
430 1041 589 1142 primam
636 1042 810 1115 rimomm
830 1036 1020 1113 hominum
1041 1053 1236 1141 peceatum
1253 1038 1336 1111 fun-

223 1138 318 1213 ditus
335 1142 565 1243 depravatae,
599 1068 781 1217 debilitate
797 1156 833 1215 et
848 1170 869 1217 e
885 1140 1068 1241 religionis
1084 1140 1263 1217 naturalis
1278 1142 1335 1212 in-

223 1240 304 1315 dole
319 1258 356 1315 et
369 1240 528 1318 efficacia
543 1269 671 1319 manca
687 1258 795 1343 atque
808 1242 1019 1345 imperfecta
1031 1244 1200 1317 educere
1215 1244 1334 1318 eonati

222 1340 305 1417 funt
320 1340 370 1439 ὗ).
423 1344 518 1440 Alii,
545 1346 625 1421 aliis
640 1345 786 1447 quidem
804 1368 935 1447 parum
950 1346 1148 1420 accuratius
1162 1340 1267 1420 hunc
1281 1345 1334 1418 lo-

223 1468 309 1519 cum
332 1447 588 1541 tractantibus,
629 1448 845 1547 distinguunt
870 1460 972 1521 notas
994 1446 1227 1522 revelationis
1247 1450 1333 1543 sab-

122 1588 126 1595 ·
173 1610 180 1626 .
223 1552 371 1621 tactivas
392 1546 453 1623 seu
475 1554 663 1651 Κριτήρια,
705 1574 860 1650 quorum
888 1574 956 1651 ope
984 1548 1114 1649 aliquis
1144 1548 1332 1648 cognoscat

223 1648 361 1751 [ibique
381 1648 609 1753 persuadeat,
642 1652 898 1727 revelationem
914 1676 997 1724 vere
1015 1650 1083 1725 libi
1102 1650 1240 1725 factam
1255 1649 1337 1743 effe,

149 1786 155 1811 ι
224 1764 262 1825 et
283 1768 385 1827 notas
407 1756 614 1839 abiectiores,
647 1765 857 1854 argumenta
885 1750 1022 1827 seilicet
1044 1768 1192 1825 externa
1215 1768 1252 1829 et
1278 1760 1331 1826 in-

226 1868 347 1943 terna,
379 1854 512 1955 quibus
533 1854 630 1947 aliis,
662 1855 917 1929 revelationem
932 1854 1115 1955 quandam
1130 1880 1218 1931 vere
1240 1854 1332 1929 diri-

117 2018 120 2033 .
147 1968 150 1993 ¹
223 1980 309 2031 nam
329 1954 414 2051 elle,
447 1956 676 2031 demonstrari
697 1956 800 2058 poffit
816 1952 863 2055 ⁶).
915 1952 975 2031 Ad
996 1970 1098 2032 notas
1113 1960 1331 2053 subiectiora

222 2057 429 2135 referuntur
446 2060 582 2161 partim
603 2056 721 2133 sensus
740 2056 888 2159 quidam
908 2058 1070 2148 internus
1092 2084 1179 2134 cum
1198 2060 1332 2135 revela-

219 2161 323 2242 ,tione
344 2160 467 2235 divina
490 2161 700 2235 coniunctus
708 2215 719 2253 ,
753 2160 886 2261 partim
902 2158 998 2235 facta
1013 2175 1050 2235 et
1066 2176 1196 2242 eventa
1212 2178 1329 2237 extra-

225 2262 425 2356 ordinaria,
465 2261 597 2363 quibus
620 2260 665 2335 da
688 2264 837 2336 veritate
865 2261 1093 2337 revelationis
1120 2263 1191 2337 fibi
1218 2264 1329 2337 factae

225 2363 358 2439 certior
371 2362 591 2458 redderetur,
608 2364 668 2437 cui
682 2388 722 2437 ea
738 2364 905 2463 contigit,
928 2379 970 2437 ut
989 2374 1215 2464 asopasssar,
1238 2370 1329 2464 ἅγγε-

223 2474 266 2543 20
296 2470 424 2555 dossas,
445 2466 617 2541 vaticinia
632 2482 761 2539 eventu
777 2464 1030 2567 comprobata,
1054 2466 1208 2543 facultas
1222 2470 1329 2541 mira-

224 2590 247 2641 c
285 2590 306 2637 a
328 2568 495 2665 patrandi
514 2583 550 2643 et
569 2566 738 2643 vaticinia
760 2568 907 2660 edendi,
938 2592 1011 2669 qua
1026 2570 1109 2668 quis
1125 2568 1327 2671 praeditum

224 2664 261 2743 se
276 2664 343 2741 etse
358 2666 548 2763 sentiebat3
574 2668 620 2743 ad
634 2684 736 2743 notas
751 2674 939 2741 obiectione
944 2724 957 2757 ‚
975 2684 1237 2769 etargumenta
1250 2672 1328 2771 qui-

201 2788 203 2795 ·
224 2766 487 2871 dempsterus,
512 2770 589 2875 ipsa
604 2771 776 2846 miracula
794 2785 829 2846 et
845 2772 1034 2865 vaticinia,
1060 2772 1108 2845 ad
1123 2786 1327 2873 argumenta

225 2876 367 2953 iuterna
389 2872 573 2949 doctrinae
595 2872 770 2948 revelatae
795 2874 943 2948 indoles.
1002 2874 1189 2950 Revelatio
1211 2874 1326 2975 luper-

224 2974 397 3049 naturalis
411 2991 560 3051 vocatur
571 2992 734 3063 esterno,
750 3000 848 3078 quae
861 2976 1122 3052 mutationibus
1135 2992 1241 3051 extra
1255 2974 1327 3048 ani·

222 3102 325 3151 mum
344 3074 545 3153 humanum
571 3078 612 3153 in
636 3104 759 3153 rerum
784 3092 911 3152 natura
935 3076 1179 3178 percipiendis
1200 3077 1326 3153 tradita

222 3177 454 3281 perhibetur,
480 3208 511 3255 e.
528 3206 560 3257 e.
577 3181 649 3255 Ex.
669 3178 872 3274 19,161l.;
904 3184 1067 3267 interno,
1100 3206 1193 3282 quae
1214 3194 1327 3253 muta-

155 3286 161 3291 '
224 3280 385 3355 tionibus
407 3282 545 3384 inipso
567 3282 689 3355 animo
710 3280 847 3356 effectis
867 3282 1037 3381 contigit,
1069 3309 1101 3356 e.
1118 3308 1148 3357 c.
1169 3280 1323 3371 Act.1o,

228 3380 329 3460 soll.
359 3397 417 3477 11,
436 3392 470 3459 5.
507 3396 643 3477 22,17.
680 3380 966 3477 scor.1s‚sff.
1019 3382 1179 3459 Omnino
1195 3380 1325 3458 reveta-

225 3486 278 3559 tio
293 3482 571 3585 supernaturalis
587 3508 629 3559 ao
648 3484 860 3559 miraculosa
881 3483 1091 3560 hominibus
1112 3483 1323 3587 pauciffintis

225 3600 366 3661 tantum
381 3584 560 3685 contigille
575 3586 709 3679 fertur,
743 3586 838 3660 uude
853 3587 1002 3688 reliquis
1019 3584 1193 3688 perluabo
1205 3588 1251 3661 de
1265 3608 1323 3655 ve

225 3688 331 3763 ritate
354 3688 431 3763 eius
453 3716 472 3763 e
494 3687 567 3763 l'olo
588 3688 733 3763 illorum
749 3690 947 3773 testimonio
962 3686 1087 3763 afferri
1103 3688 1229 3789 potest,
1253 3708 1321 3786 quo

223 3790 373 3891 quidem
404 3790 646 3890 graviffimum
679 3788 788 3864 huius
819 3791 1046 3865 revelationis
1079 3804 1322 3891 argumentum

100 3976 107 3981 ,
225 3892 438 3969 continetur.
490 3890 584 3966 Nam
606 3891 704 3993 quod
726 3892 813 3967 addi
834 3890 923 3966 solat
942 3880 1179 3967 testimonium
1199 3890 1246 3965 ab
1265 3890 1320 3959 in-

223 4010 324 4068 terna
341 3994 499 4095 quadam
513 3996 734 4095 experientia
749 3994 899 4069 ductum
913 3990 969 4092 (§
982 4010 1041 4071 39.
1057 3992 1129 4093 0.),
1151 3994 1190 4069 id
1203 3992 1320 4091 lupar

224 4096 421 4171 naturalem
436 4097 662 4173 revelationis
677 4098 854 4198 originem
869 4094 968 4172 haud
985 4098 1181 4184 oonfirmat.
1221 4092 1320 4167 Geto-
