2709 4659
184 226 257 309 ιιιι
382 187 385 200 Ι
538 216 842 327 ''Praefatim

106 464 109 467 -
184 434 279 514 quae
303 408 430 512 posteri
454 409 493 483 in
527 408 712 511 religionis
735 408 902 485 doctrina
925 414 983 487 vel
1007 358 1204 515 dilucidius
1230 443 1311 492 ex-

141 530 162 609 'a
183 532 336 635 plicare,
370 528 427 611 vel
452 526 581 604 melius
602 528 783 605 intellecta
804 528 991 607 edisserere
1015 532 1174 635 possent,
1209 562 1310 637 pro·

139 1318 149 1390 t

181 650 331 746 hibere,
356 649 541 752 autquasi
565 642 761 725 interdicto
785 649 959 781 quodam
971 658 1135 728 coercere
1156 654 1193 730 se
1209 655 1312 729 telle

86 708 331 889 professi
358 762 452 841 sunt.
525 764 581 839 Ao
606 763 779 867 profecto
810 764 837 839 si
868 766 953 866 quis
986 766 1078 842 olins
1112 767 1312 871 persuasus

86 866 337 982 fain„
341 882 485 957 veritati
507 880 690 957 neminem
710 879 954 984 praescrilaeie
979 880 1093 985 posse,
1122 912 1194 959 ιοι
1218 885 1312 959 Ιοι-

182 1000 422 1101 ginquitatcm
455 1010 678 1099 temporam,
719 1022 794 1071 non
826 999 1028 1099 patrocinia
1055 998 1311 1137 personarum,

182 1142 263 1195 nou
288 1114 520 1249 privisegium
550 1118 770 1217 regionam”
814 1114 994 1214 (Termls
1020 1117 1067 1193 de
1098 1119 1166 1195 ves
1203 1120 1308 1223 virg.

182 1260 265 1339 cup.
284 1232 396 1334 1.),
384 1260 415 1307 ιι
441 1247 537 1309 certe
562 1233 632 1308 fuit
654 1230 889 1309 liutherus
914 1235 1098 1337 ceterique
1117 1235 1313 1313 sacrorum

139 1395 142 1404 =
182 1350 443 1455 emendatores,
477 1373 633 1463 quorum
658 1348 872 1482 exemplum
892 1350 949 1425 illi
973 1352 1124 1427 minime
1148 1354 1309 1428 imitan-

149 1482 261 1566 tur,
301 1468 386 1569 qui,
433 1466 612 1567 quicquid
641 1464 718 1569 post
746 1466 872 1541 iilos
859 1492 902 1543 ιι
929 1466 1040 1545 rebus
1072 1467 1206 1545 divinis
1233 1484 1308 1545 ant

135 1581 287 1668 libris
311 1580 350 1659 ss
377 1581 662 1695 interpretandis
682 1581 813 1657 melius
836 1581 1065 1658 constitutum
1086 1582 1215 1678 suerit,
1239 1585 1310 1659 vel

135 1683 385 1804 fastidiunt,
409 1698 499 1775 vel
486 1728 527 1775 ιι
551 1674 829 1803 suspicionem
816 1700 950 1803 impiae
971 1701 1226 1776 noveturiendi
1242 1716 1309 1775 te-

140 1820 356 1901 maritatis
380 1816 574 1893 adducunt
627 1816 760 1914 Quodfi
790 1802 1052 1894 Lutsrero
1019 1845 1167 1919 eiusque
1193 1813 1307 1894 sociis

180 1940 322 2015 novitas
346 1950 422 2011 tem
446 1932 561 2008 invisa
582 1932 719 2029 fuisset,
742 1934 811 2010 nbi
834 1961 932 2011 nunc
956 1932 1065 2011 essent
1089 1937 1154 2011 iila
1178 1934 1307 2014 secro-

180 2082 264 2131 rum
294 2053 401 2129 ab”
373 2080 420 2127 ιιι
447 2053 717 2129 emendatorum
740 2053 913 2155 pignora,
953 2080 1046 2160 quae
1066 2054 1123 2130 ilii
1145 2070 1308 2157 propter

180 2176 292 2253 solam
315 2173 542 2267 vetustatem,
576 2197 641 2247 nos
667 2172 717 2246 ob
742 2172 887 2247 divinae
910 2175 1072 2249 veritatis
1096 2171 1271 2248 semina
1256 2201 1307 2247 ιιι

59 2296 63 2307 ’
121 2293 263 2395 ipsis
287 2290 434 2367 latentia
458 2284 696 2365 edomemus?
717 2287 813 2363 llsud
837 2302 965 2364 autem
977 2290 1172 2392 praecipue
1187 2306 1308 2393 agant

179 2394 343 2485 eccleine
368 2404 551 2502 doctores,
590 2420 633 2481 ut
658 2402 786 2481 Christi
812 2418 848 2479 et
872 2405 1123 2524 Apostolorum
1147 2408 1190 2481 de
1215 2408 1303 2482 Deo

177 2522 394 2607 sanctissimo
419 2526 523 2613 etde
547 2524 712 2603 moribus
735 2522 939 2625 officiisque
964 2525 1167 2601 doctrinam
1182 2531 1302 2641 (snam

178 2644 402 2751 potissimam
435 2642 571 2746 populo
602 2644 740 2721 strenue
764 2643 994 2744 impertiant,
1032 2657 1075 2717 nt
1097 2645 1177 2719 eiua
1197 2646 1304 2718 veri-

178 2780 289 2841 tatem
313 2760 432 2839 haud·
443 2787 493 2835 ex
524 2760 683 2861 antiquis
714 2760 924 2860 dogmatum
947 2758 1113 2835 formulis
1138 2772 1174 2836 et
1194 2758 1302 2838 loco-

177 2906 262 2959 rum
286 2874 516 2982 quorundam
540 2873 801 2949 subtilitatibus
816 2870 990 2975 pendere,
1012 2874 1073 2951 sed
1088 2874 1163 2978 ipsa
1178 2878 1300 2951 enimi

100 3044 107 3061 ,
177 3014 305 3075 namra
328 2994 421 3071 bene
444 2990 609 3085 exculto,
648 2990 730 3066 teste
752 2988 1021 3092 scripturas,
1041 2992 1181 3093 ‘optime
1206 3018 1300 3067 con-

151 3113 321 3198 firmari
351 3106 558 3200 ostendant,
603 3120 646 3181 ut
677 3104 803 3181 sensim
833 3106 969 3181 relictis
999 3121 1062 3181 aut
1093 3108 1131 3181 in
1163 3108 1299 3185 melius

178 3229 327 3307 mutatis
346 3226 535 3303 doctrinae
550 3222 748 3317 sormtdio,
773 3246 867 3324 quae
887 3224 995 3297 certia
1010 3238 1152 3299 tentum
1171 3222 1298 3301 homi-

177 3374 267 3425 nnm
300 3370 344 3421 ac
375 3360 580 3445 temporum
620 3340 823 3420 rationibus
856 3342 1146 3417 accommodatae
1177 3361 1296 3440 erant,

176 3464 277 3542 haud
297 3460 452 3596 amplius
471 3454 705 3533 defendendis
729 3455 776 3531 ad
789 3456 1041 3559 simpliciorem
1060 3465 1189 3559 τρόπον
1204 3444 1299 3542 παι-

179 3590 307 3675 taluc,
317 3582 358 3655 in
382 3576 535 3681 ipfistt.
562 3576 609 3650 T.
635 3574 744 3650 libris
763 3572 803 3649 ss
830 3599 943 3675 aeque
967 3574 1166 3649 indicatum
1191 3578 1298 3651 ideo-

96 3722 251 3805 que
264 3700 374 3774 etiam
394 3698 566 3792 posticae
585 3693 768 3768 doctrinae
791 3692 908 3766 forme
933 3688 1156 3783 induendum
1176 3710 1297 3771 trana-

162 3831 280 3927 Ι’,ιιιιι
295 3840 372 3891 neo
396 3838 463 3915 pro
495 3811 575 3887 luce
600 3808 817 3944 cognitionis
841 3808 982 3883 sumum
1004 3806 1162 3883 vendant
1186 3802 1295 3886 obso-

162 3911 392 4029 teterrimae
408 3930 662 4013 derelictorum
678 3928 915 4043 opinionum,
941 3927 1107 4027 quamvis
1133 3952 1227 4001 cum
1230 3954 1293 4003 ce-

179 4059 256 4135 lore
272 4054 439 4167 quodam
464 4050 605 4129 fucatae
629 4048 773 4150 pietatis
797 4046 1049 4138 coniunctum,
1083 4026 1143 4127 sed
1170 4047 1291 4147 potius

861 4192 866 4206 ·
1185 4192 1292 4241 verae
