2709 4659
179 130 252 241 os
430 163 609 238 ranna
661 165 835 255 σαμηι.
886 155 1028 256 §.14⁷2
1097 208 1101 217 .

181 332 374 439 sententia,¹
388 316 513 441 utpote
527 358 620 439 quae
635 337 769 439 (aeque
787 328 933 437 quidem
948 334 983 408 S.
998 336 1037 409 S.
1054 330 1176 428 effatis
1186 332 1282 431 nisa)

181 443 333 541 cogitari
356 442 501 522 omnino
525 441 698 539 nequeat,
731 439 795 525 nili
807 438 915 539 polito
934 448 1055 513 rerum
1070 434 1194 511 ordine
1220 434 1285 510 lio-

182 545 302 617 neliati
316 543 458 647 prorsus
472 558 694 644 repugnante
716 541 853 640 (liatuit
874 542 991 633 enim}
1023 541 1118 614 vitae
1133 540 1285 629 rationes

179 643 367 718 hominum
382 645 654 745 reprobatorum
670 669 693 716 a
709 646 784 717 Deo
801 640 893 743 ipso,
919 640 1131 715 sanctissimo
1145 639 1285 733 scilicet,

180 748 231 821 ita
255 745 320 820 elle
344 746 536 839 institutas,
567 762 608 819 ut
623 746 769 818 illinon
783 742 912 845 possint
925 768 996 816 non
1013 768 1162 844 peccare
1177 754 1286 842 eoque
1341 820 1342 845 p

180 848 324 949 indigni
338 851 487 921 evadere
502 849 576 921 vita
594 845 719 945 beata)
735 845 788 943 d).
847 845 1058 921 Sedtomen
1082 844 1205 919 eadem
1221 845 1287 917 mi-
1341 866 1342 871 ’

74 1038 79 1049 Ι
181 952 278 1024 nime
308 951 475 1036 convenit
506 949 608 1022 ideae
642 952 710 1023 nei
739 946 946 1023 sanctissimi
977 946 1285 1047 benignissimique

181 1048 234 1151 (§.
255 1050 357 1150 7¹2),
392 1053 456 1150 qui
481 1048 644 1151 homines
668 1051 831 1151 quosque
846 1048 1094 1127 benevolentia
1107 1048 1170 1121 sua
1192 1074 1284 1123 com-

118 1150 125 1157 ’
180 1156 355 1255 plectens,
388 1153 596 1228 felicitatem
616 1155 711 1228 vitae
736 1168 899 1226 aeternae
920 1150 1153 1251 alligare'non
1171 1152 1285 1252 potuit

181 1254 393 1357 persuasioni
434 1255 482 1328 tle¹
508 1257 658 1328 veritate
690 1280 811 1343 rerum
844 1254 1070 1353 ‹puarundam
1104 1250 1284 1351 gestarum,
1341 1328 1342 1353 p

181 1370 272 1457 quas
287 1352 481 1456 scriptores
504 1358 594 1431 certi
611 1382 678 1459 pro
696 1356 756 1429 sno
774 1356 928 1456 quisque
944 1355 1090 1455 ingenio
1109 1350 1173 1427 alii
1191 1354 1288 1427 aliter
1341 1358 1342 1423 l

182 1459 389 1532 informatas
403 1459 598 1533 memoriae
611 1455 858 1560 prodiderunt,
886 1472 920 1531 et
935 1480 1089 1557 quarum
1105 1456 1234 1529 notitia
1246 1454 1288 1528 acl
1341 1468 1342 1489 ¹

152 1638 155 1642 J
228 1561 405 1634 ucisfimos
435 1575 576 1635 tantum
600 1562 776 1663 pervenit.
849 1558 1017 1651 Accedit,
1060 1557 1159 1657 (pund
1184 1577 1224 1631 ea
1248 1556 1288 1630 de
1341 1576 1342 1659 ξ

180 1585 322 1757 ssereto
353 1662 423 1735 Dei
444 1658 695 1736 ¹conditionata
717 1662 915 1755 sententia,
948 1661 1053 1734 altius
1076 1660 1287 1761 investigata,

181 1764 313 1866 partim
334 1790 418 1837 cum
440 1762 602 1839 doctrina
629 1766 671 1838 de
699 1780 855 1865 peccato
875 1763 1042 1861 originali
1063 1760 1290 1863 hominisque
1341 1774 1342 1783 ’

142 1870 149 1899 ’
181 1870 347 1972 ἀδυναμίᾳ
368 1881 489 1967 aperte
512 1879 664 1968 pugnat,
701 1868 834 1969 partim
856 1864 902 1937 ad
925 1867 1106 1937 duriorem
1127 1864 1230 1937 iliam
1248 1863 1289 1936 de

182 1966 324 2043 decreto
332 1969 401 2054 Dei
415 1965 577 2043 absoluto
593 1996 612 2042 e
662 1994 707 2040 ue
724 1966 914 2041 arbitrario
927 1965 1136 2040 sententiam
1147 1966 1289 2040 omnino

180 2066 285 2143 redit.
345 2069 437 2143 Nam
461 2070 486 2144 fi
507 1996 756 2165 homolsalvos
779 2063 927 2142 evadere
952 2069 1096 2169 nequit,
1124 2069 1189 2143 nifi
1206 2070 1290 2163 ¹rofi-

176 2174 310 2269 Jtentic
326 2172 401 2245 eius
417 2177 624 2268 malitiosa,
647 2199 667 2244 a
682 2186 827 2273 peccato
839 2170 989 2271 originis
1004 2169 1208 2271 repetenda,
1232 2196 1292 2271 per

183 2269 349 2373 spiritum
362 2269 387 2348 s.
407 2272 548 2349 devicta
560 2275 686 2348 suerit:
721 2278 772 2368 is,
806 2276 871 2373 qui
893 2272 1041 2347 resistere
1057 2274 1197 2374 pergit,
1224 2298 1293 2345 non

182 2371 245 2447 sua
267 2374 390 2477 culpa,
422 2372 483 2449 sed
498 2376 546 2449 ob
565 2376 727 2449 divinum
743 2374 922 2449 auxilium
937 2399 985 2449 ex
1002 2374 1153 2449 arbitrio
1171 2375 1291 2447 divino

98 2535 109 2559 ,
183 2475 251 2577 ipsi
269 2476 482 2578 denegatum
496 2477 606 2551 salute
619 2492 762 2552 aeterna
779 2477 977 2550 destituitur
991 2474 1038 2575 ε).
1077 2476 1240 2576 Aequies
1274 2519 1293 2530 -

184 2602 265 2666 mus
280 2580 393 2679 igitur
409 2581 447 2652 in
461 2606 503 2675 eo
518 2581 699 2653 doctrinae
715 2578 871 2653 biblicae
888 2593 994 2679 typo,
1027 2579 1092 2679 qui
1113 2573 1219 2653 sanae
1237 2604 1293 2651 ra-

184 2679 291 2753 tionis
307 2683 506 2783 praeceptis
522 2684 655 2783 optime
670 2682 858 2775 convenit,
892 2697 928 2755 et
950 2705 1022 2781 quo
1045 2683 1143 2771 Dens
1162 2707 1235 2753 non
1250 2682 1293 2753 iis

184 2795 324 2856 tantum
345 2783 475 2858 sortem
504 2800 683 2857 aeternam
708 2784 930 2876 destinavit„
952 2776 1084 2885 quibus
1110 2782 1295 2882 religionis

171 2880 399 2982 ‘Christianae
417 2886 631 2960 beneficium
649 2887 809 2985 contigit,
834 2884 891 2958 sed
909 2884 988 2957 aliis
1002 2886 1112 2956 etiam
1127 2886 1293 2957 omnibus

184 2990 347 3062 omnium
368 2989 532 3089 gentium
553 2980 763 3063 hominibus
786 2982 987 3087 (§.145'.),
1014 3003 1123 3087 prout
1146 2988 1231 3087 ipsis
1254 2986 1295 3059 ad

148 3107 157 3153 i
182 3112 308 3177 „veram
332 3092 491 3164 numinis
523 3092 762 3193 cognitionem
794 3088 1028 3192 perveniendi
1050 3090 1297 3188 opportunitas

187 3188 344 3281 concessa
358 3191 398 3265 fit
413 3182 448 3265 et
461 3218 553 3293 quae
575 3194 731 3293 dignitas
748 3193 793 3265 est
815 3190 974 3293 ipsorum
998 3190 1171 3265 moraliss-
1206 3192 1297 3264 salva

188 3304 308 3365 tamen
346 3291 468 3366 (lirina
501 3295 667 3386 seientia,
714 3296 753 3367 in
794 3318 904 3395 (luam
935 3294 1108 3393 temporis
1143 3294 1298 3366 rationes

190 3395 336 3467 omnino
359 3389 431 3466 non
455 3396 605 3493 cadunt,
644 3396 810 3497 salvoque
830 3396 943 3468 libero
968 3392 1126 3469 hominis
1149 3394 1300 3469 arbitrio

191 3490 267 3595 (§§.
287 3509 345 3572 65.
366 3495 472 3595 111.)
483 3495 544 3596 s)
604 3500 740 3573 Verum
766 3500 947 3572 enimvero
962 3494 1120 3573 hominis
1138 3498 1302 3571 exsisten-

189 3604 242 3673 tia
257 3613 292 3672 et
306 3596 487 3673 destinatio
503 3627 575 3673 non
591 3628 639 3673 cx
653 3600 761 3674 huius
772 3604 866 3674 vitae
883 3598 1051 3675 cancellis
1068 3601 1257 3672 metienda
1273 3616 1304 3672 et

190 3700 380 3776 iudicanda
397 3698 461 3793 est,
485 3717 520 3773 et
537 3705 652 3774 omnis
669 3704 787 3775 divina
812 3700 1076 3805 praedestinatio
1098 3699 1305 3801 (quaerunt

191 3828 377 3905 perperam
390 3803 430 3875 in
446 3803 564 3877 Deum
576 3803 745 3878 translata
760 3805 823 3897 est,
857 3806 991 3908 quippe
1008 3805 1185 3903 temporis
1201 3804 1305 3905 plane

193 3904 397 4004 exsortem)
431 3904 504 3982 sola
529 3896 687 3990 cernitur
715 3904 880 3980 lacultate
904 3923 938 3978 et
969 3908 1304 4005 opportunitatibus

194 4008 242 4106 ad
266 4010 440 4083 rationem
459 4004 700 4083 excolendam
725 4010 804 4083 aliis
834 4008 904 4085 alio
930 4010 1034 4081 modo
1059 4024 1095 4082 et
1125 4008 1303 4108 gradeio
