2709 4659
199 191 256 255 'lh
421 181 716 272 Prolcgomeaa.·
742 176 859 282 capae
879 179 930 250 ΙΙ.
980 171 1015 274 §.
1039 184 1097 253 15.

210 348 350 443 Phila—t,
365 367 398 429 9.
420 368 477 444 10.
509 345 779 444 emesam.
805 349 974 443 lamas.
1005 351 1084 426 110.
1097 362 1177 443 4³¹·
1187 405 1197 444 ,
1218 349 1334 424 nulla

158 487 164 495 ·
212 455 396 555 religionis
425 455 577 527 alicuius
609 453 778 556 positivae
807 453 969 526 doctrina
1001 451 1142 526 bomini
1173 453 1334 525 cultiori

239 557 314 640 osllt
333 555 498 660 probari,
532 553 598 629 nist
614 553 659 627 ad
674 552 964 649 senaarationis,
995 553 1094 628 sensu
1112 557 1189 627 veri
1210 569 1335 652 atque

212 579 348 756 ¹hortasi
371 666 465 748 recto
489 655 668 750 imbutae,
701 671 889 757 praecepta
907 672 942 730 et
959 654 1155 732 theoretica
1176 673 1211 732 et
1235 681 1335 754 pra-

214 761 327 851 aina,
349 759 586 860 'tauquamad
600 759 756 859 lapidem
769 758 948 853 Lydium,
980 761 1082 859 prius
1097 775 1223 834 exacta
1241 762 1336 830 tue-

154 883 162 898 ·
213 862 271 936 rit.
325 861 418 936 Nam
433 861 504 936 sola
521 857 748 962 philosophia
765 860 874 951 duce,
906 886 998 960 quae
1019 861 1116 961 leger
1137 859 1339 958 cogitandi

215 978 251 1036 et
266 965 499 1062 cognoscendi
513 963 697 1062 explorat,
719 975 815 1038 reate
829 959 1082 1054 discernimus,
1105 964 1194 1064 quid
1208 987 1340 1062 quae-

214 1091 285 1164 que
303 1065 488 1164 religionis
503 1065 666 1138 doctrina
684 1089 812 1138 rerum
834 1089 900 1164 per
918 1063 989 1136 sese
1007 1080 1043 1138 et
1060 1081 1247 1137 aeternum
1263 1087 1341 1133 va-

215 1165 365 1246 liturum
380 1167 510 1242 babeat
527 1163 613 1264 (aaa
628 1161 835 1259 Bleihende,
865 1171 993 1262 Ewigc
1013 1173 1088 1240 und
1101 1171 1343 1262 Allgemeiu-

214 1267 404 1366 giiltige),
429 1263 539 1370 quid,
573 1285 746 1368 tanquam
761 1268 876 1340 forma
894 1282 931 1341 et
949 1270 1176 1345 involucrum
1192 1268 1346 1344 verita-

116 1399 119 1428 ¹
215 1369 375 1467 tia·(don
397 1375 571 1452 Zeitliche
593 1377 668 1442 und
691 1375 732 1443 V
727 1369 1003 1544 ertiaclerlichpp,
1035 1386 1244 1473 temporum
1267 1369 1346 1440 de-

133 1497 138 1509 ’
216 1473 322 1546 eursu
350 1475 486 1548 mutari
517 1487 552 1546 et
580 1472 716 1572 corrigi
742 1470 917 1573 possitae
973 1472 1086 1549 ebeat.
1145 1472 1229 1571 Quo
1256 1472 1350 1544 dis-1

219 1575 368 1648 crimino
390 1577 572 1676 neglecte,
605 1571 715 1647 homo
732 1573 779 1646 ad
791 1597 917 1646 veram
934 1575 1047 1647 animi
1067 1574 1350 1677 perfectionem

218 1675 283 1774 ipfi
310 1681 527 1778 propositam
551 1673 702 1772 (Matth.
721 1687 756 1769 6,
777 1675 861 1774 48.)
890 1703 1070 1776 errrergere
1100 1705 1172 1750 uon
1203 1677 1347 1778 potest.

218 1778 447 1879 Distinguunt
466 1783 748 1876 philosophicam
764 1783 947 1873 religioaia
962 1785 1159 1874 doctriaam
1182 1780 1208 1852 s.
1231 1783 1351 1849 theo-

218 1886 354 1974 logicam
376 1885 588 1956 rationalem
611 1875 665 1978 (§
688 1877 769 1976 19.)
794 1879 1099 1981 (philosophischc
1118 1885 1351 1978 Religione-

220 1985 478 2082 wsffenschaft,
499 1981 939 2084 Religioncphilosophie),
959 2009 1052 2082 (puae
1065 1983 1256 2081 religionis
1271 2009 1351 2058 na-

201 2087 347 2186 turalis
369 2085 421 2187 (§.
442 2085 500 2184 7.)
521 2085 753 2158 fundamenta
778 2084 881 2158 docte
907 2101 1016 2185 atque
1033 2083 1216 2173 ¹subtiliter
1247 2087 1351 2168 illu-

219 2187 302 2260 llrat
317 2185 373 2285 (§.
391 2206 449 2267 18.
471 2185 547 2287 a),
574 2202 609 2261 et
624 2193 887 2282 philosophiam
909 2195 953 2260 de
974 2204 1069 2260 certa
1091 2194 1255 2285 quadam
1284 2217 1351 2262 re·

223 2295 357 2382 {igione
380 2295 535 2389 pnfitiva
565 2285 901 2388 [philosophicam
932 2286 1042 2362 huius
1067 2291 1351 2386 tractationem,

222 2417 314 2490 quaa
336 2391 562 2506 philosophia
578 2391 666 2466 duce
682 2391 758 2462 eius
771 2391 955 2492 religionis
974 2374 1225 2490 argimentnm
1247 2419 1351 2468 cou-

221 2493 331 2567 stituit
360 2513 467 2598 atque
493 2493 639 2568 illustrat
661 2490 711 2592 ὅ).
768 2492 1017 2598 Philosophiae
1040 2491 1185 2569 historia
1214 2496 1351 2590 (locet,

34 2641 42 2650 -
147 2689 160 2708 .-
221 2591 453 2702 pbilosopbos
477 2597 639 2670 omnium
661 2610 864 2696 temporum
885 2597 959 2670 lere
979 2621 1102 2670 omues
1116 2596 1351 2695 religionem

222 2699 332 2796 tuitoa
348 2701 415 2781 else
434 2723 475 2770 ac
492 2699 593 2798 saepe
609 2697 646 2768 io
661 2725 703 2772 eo
718 2694 928 2791 elaborasse,
959 2712 1000 2770 ut
1020 2697 1151 2797 placita
1166 2696 1231 2774 sua
1250 2728 1351 2780 cum

248 2799 368 2878 ablica
384 2800 567 2900 religionis
580 2799 741 2874 doctrina
753 2799 995 2890 conciliarent,
1011 2801 1214 2874 meminus
1229 2801 1351 2878 theo·

103 2985 104 2990 ἵ
222 2825 323 3002 logos
343 2934 362 2980 a
381 2899 604 3008 philosophia
623 2892 796 2994 systemati
812 2897 1011 3000 theologiae
1024 2901 1234 2978 exstruendo
1250 2905 1351 2980 fun·

223 3003 387 3082 damonta
411 3004 567 3109 petull'e3
601 3029 673 3102 quo
689 3003 900 3096 factumest,
925 3018 966 3077 ut
980 3000 1230 3106 philosophiae
1248 3033 1351 3083 coat-

222 3107 395 3192 versionea
419 3107 619 3186 maximam
640 3105 779 3206 semper
799 3105 876 3178 vim
902 3101 1096 3182 habuerint
1121 3105 1167 3182 ad
1189 3103 1351 3184 theol&

76 3287 80 3306 ,
223 3208 303 3306 giao
321 3211 476 3286 sormam
492 3207 680 3310 ipsumque
696 3207 770 3281 eius
786 3224 1036 3310 argumentum
1052 3203 1100 3304 θ).
1150 3207 1236 3302 Quo
1262 3237 1351 3290 ma.

68 3399 70 3410 ,
116 3387 120 3390 .
223 3311 289 3408 gia¹
310 3330 431 3389 autem
462 3309 586 3386 nostris
616 3308 841 3410 temporibus
872 3308 1055 3410 progressu
1086 3309 1351 3390 doctrinarum

184 3495 187 3510 ,
225 3421 389 3494 omnium
399 3418 496 3511 fider
511 3417 739 3485 auctoritatis
753 3411 1013 3512 qualiacunque
1028 3409 1190 3486 conculsa
1204 3413 1285 3509 est,
1321 3447 1351 3492 e

151 3522 155 3530 '
187 3545 193 3556 ·
222 3511 479 3608 laudamento,
512 3515 647 3613 quibus
666 3513 848 3614 theologia
867 3513 956 3586 olim
977 3513 1165 3613 superstrui
1183 3511 1351 3593 solebat

222 3613 436 3704 labefactata
463 3619 563 3711 sunt3
604 3618 813 3714 cognorim
838 3612 1228 3716 sanaephilosopbiae3
1270 3649 1351 3722 qua

223 3719 404 3824 theologia
434 3721 612 3796 recentior
639 3733 681 3790 ut
709 3716 940 3791 titulamento
969 3717 1093 3806 nititur
1115 3715 1351 3798 solidissimo

226 3823 377 3901 hodium
400 3823 600 3920 theologiae
621 3819 820 3894 cultoribus
837 3819 1079 3893 commendari
1094 3817 1214 3894 debet.
1279 3827 1350 3900 Ca¹

218 3927 380 4011 'vendam
406 3943 524 4002 tamen
546 3922 609 4012 oh,
654 3947 698 3996 oe
724 3949 837 4021 genus
858 3919 1037 4020 quoddam
1059 3917 1351 4021 philosophand

224 4028 421 4140 spinosum,
440 4067 447 4095 ι
461 4025 647 4126 religionis
670 4039 707 4098 et
730 4024 874 4101 virtutis
897 4023 995 4096 ideas
1016 4024 1173 4097 omniuo-
1182 4048 1351 4128 per-ven
